<?xml version="1.0" encoding="utf-8"?>
<root>
  <ChainId>7290027600007</ChainId>
  <SubChainId>002</SubChainId>
  <StoreId>074</StoreId>
  <BikoretNo>5</BikoretNo>
  <DllVerNo>8.0.1.3</DllVerNo>
  <Items Count="190">
    <Item>
      <PriceUpdateDate>2016-03-18 00:06</PriceUpdateDate>
      <ItemCode>3068320085005</ItemCode>
      <ItemType>1</ItemType>
      <ItemName>מים מינרליים</ItemName>
      <ManufacturerName />
      <ManufactureCountry />
      <ManufacturerItemDescription>מים מינרליים</ManufacturerItemDescription>
      <UnitQty>ליטרים</UnitQty>
      <Quantity>1.50</Quantity>
      <bIsWeighted>0</bIsWeighted>
      <UnitOfMeasure>ליטר</UnitOfMeasure>
      <QtyInPackage>0</QtyInPackage>
      <ItemPrice>17.10</ItemPrice>
      <UnitOfMeasurePrice>11.40</UnitOfMeasurePrice>
      <AllowDiscount>1</AllowDiscount>
      <ItemStatus>1</ItemStatus>
    </Item>
    <Item>
      <PriceUpdateDate>2016-03-18 00:05</PriceUpdateDate>
      <ItemCode>3252560903384</ItemCode>
      <ItemType>1</ItemType>
      <ItemName>ליקר קרם דה קסיס 700 מ"ל</ItemName>
      <ManufacturerName>גבריאל בודיו</ManufacturerName>
      <ManufactureCountry>FR</ManufactureCountry>
      <ManufacturerItemDescription>ליקר קרם דה קסיס</ManufacturerItemDescription>
      <UnitQty>מיליליטרים</UnitQty>
      <Quantity>700.00</Quantity>
      <bIsWeighted>0</bIsWeighted>
      <UnitOfMeasure>100 מ"ל</UnitOfMeasure>
      <QtyInPackage>0</QtyInPackage>
      <ItemPrice>51.50</ItemPrice>
      <UnitOfMeasurePrice>7.36</UnitOfMeasurePrice>
      <AllowDiscount>1</AllowDiscount>
      <ItemStatus>1</ItemStatus>
    </Item>
    <Item>
      <PriceUpdateDate>2016-03-18 00:05</PriceUpdateDate>
      <ItemCode>3277599095121</ItemCode>
      <ItemType>1</ItemType>
      <ItemName>בלו צרפתי 125 גרם</ItemName>
      <ManufacturerName>סוסיאט לאטיאר לאקיי</ManufacturerName>
      <ManufactureCountry>FR</ManufactureCountry>
      <ManufacturerItemDescription>בלו צרפתי</ManufacturerItemDescription>
      <UnitQty>גרמים</UnitQty>
      <Quantity>125.00</Quantity>
      <bIsWeighted>0</bIsWeighted>
      <UnitOfMeasure>100 גרם</UnitOfMeasure>
      <QtyInPackage>1</QtyInPackage>
      <ItemPrice>11.90</ItemPrice>
      <UnitOfMeasurePrice>9.52</UnitOfMeasurePrice>
      <AllowDiscount>1</AllowDiscount>
      <ItemStatus>0</ItemStatus>
    </Item>
    <Item>
      <PriceUpdateDate>2016-03-18 00:05</PriceUpdateDate>
      <ItemCode>33617000026</ItemCode>
      <ItemType>1</ItemType>
      <ItemName>פת פריכה מקמח מל</ItemName>
      <ManufacturerName />
      <ManufactureCountry>IL</ManufactureCountry>
      <ManufacturerItemDescription>פת פריכה מקמח מל</ManufacturerItemDescription>
      <UnitQty>גרמים</UnitQty>
      <Quantity>260.00</Quantity>
      <bIsWeighted>0</bIsWeighted>
      <UnitOfMeasure>100 גרם</UnitOfMeasure>
      <QtyInPackage>0</QtyInPackage>
      <ItemPrice>13.40</ItemPrice>
      <UnitOfMeasurePrice>5.15</UnitOfMeasurePrice>
      <AllowDiscount>1</AllowDiscount>
      <ItemStatus>1</ItemStatus>
    </Item>
    <Item>
      <PriceUpdateDate>2016-03-18 00:05</PriceUpdateDate>
      <ItemCode>34000196173</ItemCode>
      <ItemType>1</ItemType>
      <ItemName>טבלת XL קוקיס&amp;קרים 113ג</ItemName>
      <ManufacturerName>הרשי שוקולד</ManufacturerName>
      <ManufactureCountry>US</ManufactureCountry>
      <ManufacturerItemDescription>טבלת קוקיס&amp;קרים</ManufacturerItemDescription>
      <UnitQty>גרמים</UnitQty>
      <Quantity>113.00</Quantity>
      <bIsWeighted>0</bIsWeighted>
      <UnitOfMeasure>100 גרם</UnitOfMeasure>
      <QtyInPackage>1</QtyInPackage>
      <ItemPrice>9.80</ItemPrice>
      <UnitOfMeasurePrice>8.67</UnitOfMeasurePrice>
      <AllowDiscount>1</AllowDiscount>
      <ItemStatus>0</ItemStatus>
    </Item>
    <Item>
      <PriceUpdateDate>2016-03-18 00:05</PriceUpdateDate>
      <ItemCode>3556420200553</ItemCode>
      <ItemType>1</ItemType>
      <ItemName>קרואסון חמאה 325גרם</ItemName>
      <ManufacturerName>אדיר</ManufacturerName>
      <ManufactureCountry>IL</ManufactureCountry>
      <ManufacturerItemDescription>קרואסון חמאה</ManufacturerItemDescription>
      <UnitQty>גרמים</UnitQty>
      <Quantity>325.00</Quantity>
      <bIsWeighted>0</bIsWeighted>
      <UnitOfMeasure>100 גרם</UnitOfMeasure>
      <QtyInPackage>1</QtyInPackage>
      <ItemPrice>19.90</ItemPrice>
      <UnitOfMeasurePrice>6.12</UnitOfMeasurePrice>
      <AllowDiscount>1</AllowDiscount>
      <ItemStatus>0</ItemStatus>
    </Item>
    <Item>
      <PriceUpdateDate>2016-03-18 00:05</PriceUpdateDate>
      <ItemCode>3574660095203</ItemCode>
      <ItemType>1</ItemType>
      <ItemName>קרפרי שטיפה אינטימית200מ</ItemName>
      <ManufacturerName>ג'ונסון</ManufacturerName>
      <ManufactureCountry>GR</ManufactureCountry>
      <ManufacturerItemDescription>קרפרי שטיפה</ManufacturerItemDescription>
      <UnitQty>מיליליטרים</UnitQty>
      <Quantity>200.00</Quantity>
      <bIsWeighted>0</bIsWeighted>
      <UnitOfMeasure>100 מ"ל</UnitOfMeasure>
      <QtyInPackage>0</QtyInPackage>
      <ItemPrice>17.30</ItemPrice>
      <UnitOfMeasurePrice>8.65</UnitOfMeasurePrice>
      <AllowDiscount>1</AllowDiscount>
      <ItemStatus>1</ItemStatus>
    </Item>
    <Item>
      <PriceUpdateDate>2016-03-18 00:05</PriceUpdateDate>
      <ItemCode>3574661017495</ItemCode>
      <ItemType>1</ItemType>
      <ItemName>תח. גוף נטרוג'ינה יבש400</ItemName>
      <ManufacturerName>ג'ונסון</ManufacturerName>
      <ManufactureCountry>IL</ManufactureCountry>
      <ManufacturerItemDescription>תחליב גוף</ManufacturerItemDescription>
      <UnitQty>מיליליטרים</UnitQty>
      <Quantity>400.00</Quantity>
      <bIsWeighted>0</bIsWeighted>
      <UnitOfMeasure>100 מ"ל</UnitOfMeasure>
      <QtyInPackage>0</QtyInPackage>
      <ItemPrice>41.90</ItemPrice>
      <UnitOfMeasurePrice>10.48</UnitOfMeasurePrice>
      <AllowDiscount>1</AllowDiscount>
      <ItemStatus>1</ItemStatus>
    </Item>
    <Item>
      <PriceUpdateDate>2016-03-18 00:05</PriceUpdateDate>
      <ItemCode>3600522299875</ItemCode>
      <ItemType>1</ItemType>
      <ItemName>אלביב שמן לטיפוח שיער100</ItemName>
      <ManufacturerName>kozmetik canan</ManufacturerName>
      <ManufactureCountry>FR</ManufactureCountry>
      <ManufacturerItemDescription>שמן לשיער אלביב</ManufacturerItemDescription>
      <UnitQty>מיליליטרים</UnitQty>
      <Quantity>100.00</Quantity>
      <bIsWeighted>0</bIsWeighted>
      <UnitOfMeasure>100 מ"ל</UnitOfMeasure>
      <QtyInPackage>0</QtyInPackage>
      <ItemPrice>39.60</ItemPrice>
      <UnitOfMeasurePrice>39.60</UnitOfMeasurePrice>
      <AllowDiscount>1</AllowDiscount>
      <ItemStatus>1</ItemStatus>
    </Item>
    <Item>
      <PriceUpdateDate>2016-03-18 00:05</PriceUpdateDate>
      <ItemCode>3600522387459</ItemCode>
      <ItemType>1</ItemType>
      <ItemName>מסקרה מגה וליום מנג.שחור</ItemName>
      <ManufacturerName>סייפו</ManufacturerName>
      <ManufactureCountry>IT</ManufactureCountry>
      <ManufacturerItemDescription>מסקרה</ManufacturerItemDescription>
      <UnitQty>יחידה</UnitQty>
      <Quantity>1.00</Quantity>
      <bIsWeighted>0</bIsWeighted>
      <UnitOfMeasure>יחידה</UnitOfMeasure>
      <QtyInPackage>1</QtyInPackage>
      <ItemPrice>100.00</ItemPrice>
      <UnitOfMeasurePrice>100.00</UnitOfMeasurePrice>
      <AllowDiscount>1</AllowDiscount>
      <ItemStatus>0</ItemStatus>
    </Item>
    <Item>
      <PriceUpdateDate>2016-03-18 00:05</PriceUpdateDate>
      <ItemCode>3600540308917</ItemCode>
      <ItemType>1</ItemType>
      <ItemName>צבע קולור נטורלס 6.34</ItemName>
      <ManufacturerName>קוסמופול</ManufacturerName>
      <ManufactureCountry>PL</ManufactureCountry>
      <ManufacturerItemDescription>צבע לשיער גרנייה</ManufacturerItemDescription>
      <UnitQty>יחידה</UnitQty>
      <Quantity>1.00</Quantity>
      <bIsWeighted>0</bIsWeighted>
      <UnitOfMeasure>יחידה</UnitOfMeasure>
      <QtyInPackage>0</QtyInPackage>
      <ItemPrice>17.90</ItemPrice>
      <UnitOfMeasurePrice>17.90</UnitOfMeasurePrice>
      <AllowDiscount>1</AllowDiscount>
      <ItemStatus>0</ItemStatus>
    </Item>
    <Item>
      <PriceUpdateDate>2016-03-18 00:05</PriceUpdateDate>
      <ItemCode>3600541205482</ItemCode>
      <ItemType>1</ItemType>
      <ItemName>פיור אנרגי גרגירים 150מל</ItemName>
      <ManufacturerName>סופרויאל</ManufacturerName>
      <ManufactureCountry>FR</ManufactureCountry>
      <ManufacturerItemDescription>פיור אנרגי גרגירים 150מל</ManufacturerItemDescription>
      <UnitQty>מיליליטרים</UnitQty>
      <Quantity>150.00</Quantity>
      <bIsWeighted>0</bIsWeighted>
      <UnitOfMeasure>100 מ"ל</UnitOfMeasure>
      <QtyInPackage>0</QtyInPackage>
      <ItemPrice>29.70</ItemPrice>
      <UnitOfMeasurePrice>19.80</UnitOfMeasurePrice>
      <AllowDiscount>1</AllowDiscount>
      <ItemStatus>1</ItemStatus>
    </Item>
    <Item>
      <PriceUpdateDate>2016-03-18 00:06</PriceUpdateDate>
      <ItemCode>3600541474406</ItemCode>
      <ItemType>1</ItemType>
      <ItemName>דאודורנט רול פרו5 סגול50</ItemName>
      <ManufacturerName>קוסמופול</ManufacturerName>
      <ManufactureCountry>PL</ManufactureCountry>
      <ManufacturerItemDescription>דאו.גרנייה</ManufacturerItemDescription>
      <UnitQty>מיליליטרים</UnitQty>
      <Quantity>50.00</Quantity>
      <bIsWeighted>0</bIsWeighted>
      <UnitOfMeasure>100 מ"ל</UnitOfMeasure>
      <QtyInPackage>1</QtyInPackage>
      <ItemPrice>13.90</ItemPrice>
      <UnitOfMeasurePrice>27.80</UnitOfMeasurePrice>
      <AllowDiscount>1</AllowDiscount>
      <ItemStatus>1</ItemStatus>
    </Item>
    <Item>
      <PriceUpdateDate>2016-03-18 00:05</PriceUpdateDate>
      <ItemCode>3607345675640</ItemCode>
      <ItemType>1</ItemType>
      <ItemName>דאו.אדידס מקס אייס200מ</ItemName>
      <ManufacturerName>COLEPCCL</ManufacturerName>
      <ManufactureCountry>IL</ManufactureCountry>
      <ManufacturerItemDescription>דאו.אדידס מקס אייס200מ</ManufacturerItemDescription>
      <UnitQty>מיליליטרים</UnitQty>
      <Quantity>200.00</Quantity>
      <bIsWeighted>0</bIsWeighted>
      <UnitOfMeasure>100 מ"ל</UnitOfMeasure>
      <QtyInPackage>0</QtyInPackage>
      <ItemPrice>24.30</ItemPrice>
      <UnitOfMeasurePrice>12.15</UnitOfMeasurePrice>
      <AllowDiscount>1</AllowDiscount>
      <ItemStatus>0</ItemStatus>
    </Item>
    <Item>
      <PriceUpdateDate>2016-03-18 00:05</PriceUpdateDate>
      <ItemCode>39800013613</ItemCode>
      <ItemType>1</ItemType>
      <ItemName>סוללת אנרג'ייזר V9</ItemName>
      <ManufacturerName>אנרג'ייזר</ManufacturerName>
      <ManufactureCountry>US</ManufactureCountry>
      <ManufacturerItemDescription>סוללת V9</ManufacturerItemDescription>
      <UnitQty>יחידה</UnitQty>
      <Quantity>1.00</Quantity>
      <bIsWeighted>0</bIsWeighted>
      <UnitOfMeasure>יחידה</UnitOfMeasure>
      <QtyInPackage>0</QtyInPackage>
      <ItemPrice>28.20</ItemPrice>
      <UnitOfMeasurePrice>28.20</UnitOfMeasurePrice>
      <AllowDiscount>1</AllowDiscount>
      <ItemStatus>1</ItemStatus>
    </Item>
    <Item>
      <PriceUpdateDate>2016-03-18 00:05</PriceUpdateDate>
      <ItemCode>40000017325</ItemCode>
      <ItemType>1</ItemType>
      <ItemName>עדשי שוק.בוטנים מ&amp;מס150ג</ItemName>
      <ManufacturerName>מרס</ManufacturerName>
      <ManufactureCountry>US</ManufactureCountry>
      <ManufacturerItemDescription>עדשי שוקולד מ&amp;מ</ManufacturerItemDescription>
      <UnitQty>גרמים</UnitQty>
      <Quantity>150.00</Quantity>
      <bIsWeighted>0</bIsWeighted>
      <UnitOfMeasure>100 גרם</UnitOfMeasure>
      <QtyInPackage>0</QtyInPackage>
      <ItemPrice>13.80</ItemPrice>
      <UnitOfMeasurePrice>9.20</UnitOfMeasurePrice>
      <AllowDiscount>1</AllowDiscount>
      <ItemStatus>0</ItemStatus>
    </Item>
    <Item>
      <PriceUpdateDate>2016-03-18 00:05</PriceUpdateDate>
      <ItemCode>4005808850723</ItemCode>
      <ItemType>1</ItemType>
      <ItemName>שפתון לבלו</ItemName>
      <ManufacturerName />
      <ManufactureCountry />
      <ManufacturerItemDescription>שפתון לבלו</ManufacturerItemDescription>
      <UnitQty>יחידה</UnitQty>
      <Quantity>1.00</Quantity>
      <bIsWeighted>0</bIsWeighted>
      <UnitOfMeasure>יחידה</UnitOfMeasure>
      <QtyInPackage>0</QtyInPackage>
      <ItemPrice>12.90</ItemPrice>
      <UnitOfMeasurePrice>12.90</UnitOfMeasurePrice>
      <AllowDiscount>1</AllowDiscount>
      <ItemStatus>1</ItemStatus>
    </Item>
    <Item>
      <PriceUpdateDate>2016-03-18 00:05</PriceUpdateDate>
      <ItemCode>4009900488952</ItemCode>
      <ItemType>1</ItemType>
      <ItemName>אורביט מיני ווינטרפרש42ג</ItemName>
      <ManufacturerName>ריגלי</ManufacturerName>
      <ManufactureCountry>PL</ManufactureCountry>
      <ManufacturerItemDescription>אורביט מיני</ManufacturerItemDescription>
      <UnitQty>גרמים</UnitQty>
      <Quantity>42.00</Quantity>
      <bIsWeighted>0</bIsWeighted>
      <UnitOfMeasure>100 גרם</UnitOfMeasure>
      <QtyInPackage>0</QtyInPackage>
      <ItemPrice>5.70</ItemPrice>
      <UnitOfMeasurePrice>13.57</UnitOfMeasurePrice>
      <AllowDiscount>1</AllowDiscount>
      <ItemStatus>0</ItemStatus>
    </Item>
    <Item>
      <PriceUpdateDate>2016-03-17 14:15</PriceUpdateDate>
      <ItemCode>4009900503952</ItemCode>
      <ItemType>1</ItemType>
      <ItemName>אורביט בבלמינט grab&amp;go</ItemName>
      <ManufacturerName>ריגלי</ManufacturerName>
      <ManufactureCountry>PL</ManufactureCountry>
      <ManufacturerItemDescription>מסטיק אורביט</ManufacturerItemDescription>
      <UnitQty>גרמים</UnitQty>
      <Quantity>56.00</Quantity>
      <bIsWeighted>0</bIsWeighted>
      <UnitOfMeasure>100 גרם</UnitOfMeasure>
      <QtyInPackage>1</QtyInPackage>
      <ItemPrice>7.90</ItemPrice>
      <UnitOfMeasurePrice>14.11</UnitOfMeasurePrice>
      <AllowDiscount>1</AllowDiscount>
      <ItemStatus>1</ItemStatus>
    </Item>
    <Item>
      <PriceUpdateDate>2016-03-17 14:15</PriceUpdateDate>
      <ItemCode>4009900504126</ItemCode>
      <ItemType>1</ItemType>
      <ItemName>אורביט פפרמינט grab&amp;go</ItemName>
      <ManufacturerName>ריגלי</ManufacturerName>
      <ManufactureCountry>PL</ManufactureCountry>
      <ManufacturerItemDescription>מסטיק אורביט</ManufacturerItemDescription>
      <UnitQty>גרמים</UnitQty>
      <Quantity>56.00</Quantity>
      <bIsWeighted>0</bIsWeighted>
      <UnitOfMeasure>100 גרם</UnitOfMeasure>
      <QtyInPackage>1</QtyInPackage>
      <ItemPrice>7.90</ItemPrice>
      <UnitOfMeasurePrice>14.11</UnitOfMeasurePrice>
      <AllowDiscount>1</AllowDiscount>
      <ItemStatus>1</ItemStatus>
    </Item>
    <Item>
      <PriceUpdateDate>2016-03-18 00:05</PriceUpdateDate>
      <ItemCode>4013227013391</ItemCode>
      <ItemType>1</ItemType>
      <ItemName>אייריש קרים 700 מ"ל</ItemName>
      <ManufacturerName>קוימנס רויאל</ManufacturerName>
      <ManufactureCountry>NL</ManufactureCountry>
      <ManufacturerItemDescription>אייריש קרים 700 מ"ל</ManufacturerItemDescription>
      <UnitQty>מיליליטרים</UnitQty>
      <Quantity>700.00</Quantity>
      <bIsWeighted>0</bIsWeighted>
      <UnitOfMeasure>100 מ"ל</UnitOfMeasure>
      <QtyInPackage>0</QtyInPackage>
      <ItemPrice>44.90</ItemPrice>
      <UnitOfMeasurePrice>6.41</UnitOfMeasurePrice>
      <AllowDiscount>1</AllowDiscount>
      <ItemStatus>1</ItemStatus>
    </Item>
    <Item>
      <PriceUpdateDate>2016-03-18 00:05</PriceUpdateDate>
      <ItemCode>4015000975445</ItemCode>
      <ItemType>1</ItemType>
      <ItemName>מוס לשיער סאיוס 250 מ"ל</ItemName>
      <ManufacturerName>הנקל סוד</ManufacturerName>
      <ManufactureCountry>IL</ManufactureCountry>
      <ManufacturerItemDescription>מוס לעיצוב סאיוס</ManufacturerItemDescription>
      <UnitQty>מיליליטרים</UnitQty>
      <Quantity>250.00</Quantity>
      <bIsWeighted>0</bIsWeighted>
      <UnitOfMeasure>100 מ"ל</UnitOfMeasure>
      <QtyInPackage>0</QtyInPackage>
      <ItemPrice>26.70</ItemPrice>
      <UnitOfMeasurePrice>10.68</UnitOfMeasurePrice>
      <AllowDiscount>1</AllowDiscount>
      <ItemStatus>1</ItemStatus>
    </Item>
    <Item>
      <PriceUpdateDate>2016-03-18 00:05</PriceUpdateDate>
      <ItemCode>4015000978897</ItemCode>
      <ItemType>1</ItemType>
      <ItemName>דאו.ספריי פה סחלבים200מל</ItemName>
      <ManufacturerName>הנקל סוד</ManufacturerName>
      <ManufactureCountry>DE</ManufactureCountry>
      <ManufacturerItemDescription>דאודורנט פה</ManufacturerItemDescription>
      <UnitQty>מיליליטרים</UnitQty>
      <Quantity>200.00</Quantity>
      <bIsWeighted>0</bIsWeighted>
      <UnitOfMeasure>100 מ"ל</UnitOfMeasure>
      <QtyInPackage>0</QtyInPackage>
      <ItemPrice>10.00</ItemPrice>
      <UnitOfMeasurePrice>5.00</UnitOfMeasurePrice>
      <AllowDiscount>1</AllowDiscount>
      <ItemStatus>1</ItemStatus>
    </Item>
    <Item>
      <PriceUpdateDate>2016-03-18 00:06</PriceUpdateDate>
      <ItemCode>4015001004175</ItemCode>
      <ItemType>1</ItemType>
      <ItemName>מסכה גליס סרום 200מ"ל</ItemName>
      <ManufacturerName>הנקל סוד</ManufacturerName>
      <ManufactureCountry>SI</ManufactureCountry>
      <ManufacturerItemDescription>מסכה גליס</ManufacturerItemDescription>
      <UnitQty>מיליליטרים</UnitQty>
      <Quantity>200.00</Quantity>
      <bIsWeighted>0</bIsWeighted>
      <UnitOfMeasure>100 מ"ל</UnitOfMeasure>
      <QtyInPackage>1</QtyInPackage>
      <ItemPrice>23.90</ItemPrice>
      <UnitOfMeasurePrice>11.95</UnitOfMeasurePrice>
      <AllowDiscount>1</AllowDiscount>
      <ItemStatus>0</ItemStatus>
    </Item>
    <Item>
      <PriceUpdateDate>2016-03-18 00:05</PriceUpdateDate>
      <ItemCode>4015400428688</ItemCode>
      <ItemType>1</ItemType>
      <ItemName>16 אולוויז עבה נורמל+</ItemName>
      <ManufacturerName>פרוקטר &amp; גמבל</ManufacturerName>
      <ManufactureCountry>DE</ManufactureCountry>
      <ManufacturerItemDescription>תחבושות אולוויז</ManufacturerItemDescription>
      <UnitQty>יחידה</UnitQty>
      <Quantity>1.00</Quantity>
      <bIsWeighted>0</bIsWeighted>
      <UnitOfMeasure>יחידה</UnitOfMeasure>
      <QtyInPackage>0</QtyInPackage>
      <ItemPrice>14.40</ItemPrice>
      <UnitOfMeasurePrice>14.40</UnitOfMeasurePrice>
      <AllowDiscount>1</AllowDiscount>
      <ItemStatus>0</ItemStatus>
    </Item>
    <Item>
      <PriceUpdateDate>2016-03-18 00:05</PriceUpdateDate>
      <ItemCode>4015400434788</ItemCode>
      <ItemType>1</ItemType>
      <ItemName>18 טמפקס פרל סופר פלוס</ItemName>
      <ManufacturerName>פרוקטר &amp; גמבל</ManufacturerName>
      <ManufactureCountry>IL</ManufactureCountry>
      <ManufacturerItemDescription>טמפקס</ManufacturerItemDescription>
      <UnitQty>יחידה</UnitQty>
      <Quantity>1.00</Quantity>
      <bIsWeighted>0</bIsWeighted>
      <UnitOfMeasure>יחידה</UnitOfMeasure>
      <QtyInPackage>0</QtyInPackage>
      <ItemPrice>28.10</ItemPrice>
      <UnitOfMeasurePrice>28.10</UnitOfMeasurePrice>
      <AllowDiscount>1</AllowDiscount>
      <ItemStatus>1</ItemStatus>
    </Item>
    <Item>
      <PriceUpdateDate>2016-03-18 00:06</PriceUpdateDate>
      <ItemCode>4017100198151</ItemCode>
      <ItemType>1</ItemType>
      <ItemName>עוג.סנדוויץ היט וניל220ג</ItemName>
      <ManufacturerName>באלסן</ManufacturerName>
      <ManufactureCountry>PL</ManufactureCountry>
      <ManufacturerItemDescription>עוגיות סנדוויץ</ManufacturerItemDescription>
      <UnitQty>גרמים</UnitQty>
      <Quantity>220.00</Quantity>
      <bIsWeighted>0</bIsWeighted>
      <UnitOfMeasure>100 גרם</UnitOfMeasure>
      <QtyInPackage>1</QtyInPackage>
      <ItemPrice>8.90</ItemPrice>
      <UnitOfMeasurePrice>4.05</UnitOfMeasurePrice>
      <AllowDiscount>1</AllowDiscount>
      <ItemStatus>0</ItemStatus>
    </Item>
    <Item>
      <PriceUpdateDate>2016-03-18 00:06</PriceUpdateDate>
      <ItemCode>5014271000701</ItemCode>
      <ItemType>1</ItemType>
      <ItemName>סלט טונה וירקות200גרם</ItemName>
      <ManufacturerName>סאן דלפור - שמבור</ManufacturerName>
      <ManufactureCountry>FR</ManufactureCountry>
      <ManufacturerItemDescription>סלט טונה</ManufacturerItemDescription>
      <UnitQty>גרמים</UnitQty>
      <Quantity>200.00</Quantity>
      <bIsWeighted>0</bIsWeighted>
      <UnitOfMeasure>100 גרם</UnitOfMeasure>
      <QtyInPackage>1</QtyInPackage>
      <ItemPrice>10.00</ItemPrice>
      <UnitOfMeasurePrice>5.00</UnitOfMeasurePrice>
      <AllowDiscount>1</AllowDiscount>
      <ItemStatus>1</ItemStatus>
    </Item>
    <Item>
      <PriceUpdateDate>2016-03-18 00:06</PriceUpdateDate>
      <ItemCode>5014271000749</ItemCode>
      <ItemType>1</ItemType>
      <ItemName>סלט חיטה מלאה ושעועית200</ItemName>
      <ManufacturerName>סאן דלפור - שמבור</ManufacturerName>
      <ManufactureCountry>FR</ManufactureCountry>
      <ManufacturerItemDescription>סלט חיטה מלאה</ManufacturerItemDescription>
      <UnitQty>גרמים</UnitQty>
      <Quantity>200.00</Quantity>
      <bIsWeighted>0</bIsWeighted>
      <UnitOfMeasure>100 גרם</UnitOfMeasure>
      <QtyInPackage>1</QtyInPackage>
      <ItemPrice>10.00</ItemPrice>
      <UnitOfMeasurePrice>5.00</UnitOfMeasurePrice>
      <AllowDiscount>1</AllowDiscount>
      <ItemStatus>0</ItemStatus>
    </Item>
    <Item>
      <PriceUpdateDate>2016-03-18 00:05</PriceUpdateDate>
      <ItemCode>5201178801047</ItemCode>
      <ItemType>1</ItemType>
      <ItemName>קרם לחות ניוואה 150 מ"ל</ItemName>
      <ManufacturerName>ביירסדורץ</ManufacturerName>
      <ManufactureCountry>DE</ManufactureCountry>
      <ManufacturerItemDescription>קרם לחות ניוואה</ManufacturerItemDescription>
      <UnitQty>מיליליטרים</UnitQty>
      <Quantity>150.00</Quantity>
      <bIsWeighted>0</bIsWeighted>
      <UnitOfMeasure>100 מ"ל</UnitOfMeasure>
      <QtyInPackage>0</QtyInPackage>
      <ItemPrice>21.90</ItemPrice>
      <UnitOfMeasurePrice>14.60</UnitOfMeasurePrice>
      <AllowDiscount>1</AllowDiscount>
      <ItemStatus>0</ItemStatus>
    </Item>
    <Item>
      <PriceUpdateDate>2016-03-18 00:05</PriceUpdateDate>
      <ItemCode>5202300043168</ItemCode>
      <ItemType>1</ItemType>
      <ItemName>קולסטון 2000 בלונד מדיום</ItemName>
      <ManufacturerName>פרוקטר &amp; גמבל</ManufacturerName>
      <ManufactureCountry>DE</ManufactureCountry>
      <ManufacturerItemDescription>קולסטון 2000</ManufacturerItemDescription>
      <UnitQty>יחידה</UnitQty>
      <Quantity>1.00</Quantity>
      <bIsWeighted>0</bIsWeighted>
      <UnitOfMeasure>יחידה</UnitOfMeasure>
      <QtyInPackage>0</QtyInPackage>
      <ItemPrice>25.70</ItemPrice>
      <UnitOfMeasurePrice>25.70</UnitOfMeasurePrice>
      <AllowDiscount>1</AllowDiscount>
      <ItemStatus>1</ItemStatus>
    </Item>
    <Item>
      <PriceUpdateDate>2016-03-18 00:06</PriceUpdateDate>
      <ItemCode>52100634586</ItemCode>
      <ItemType>1</ItemType>
      <ItemName>מלח שום במטחנה 44 גרם</ItemName>
      <ManufacturerName>מקורמיק  האנט ואלי</ManufacturerName>
      <ManufactureCountry>FR</ManufactureCountry>
      <ManufacturerItemDescription>מלח שום</ManufacturerItemDescription>
      <UnitQty>גרמים</UnitQty>
      <Quantity>44.00</Quantity>
      <bIsWeighted>0</bIsWeighted>
      <UnitOfMeasure>100 גרם</UnitOfMeasure>
      <QtyInPackage>0</QtyInPackage>
      <ItemPrice>15.80</ItemPrice>
      <UnitOfMeasurePrice>35.91</UnitOfMeasurePrice>
      <AllowDiscount>1</AllowDiscount>
      <ItemStatus>0</ItemStatus>
    </Item>
    <Item>
      <PriceUpdateDate>2016-03-18 00:05</PriceUpdateDate>
      <ItemCode>5400265032337</ItemCode>
      <ItemType>1</ItemType>
      <ItemName>בונ.המלט צ'סטפילד קרם125</ItemName>
      <ManufacturerName>גונץ</ManufacturerName>
      <ManufactureCountry>BE</ManufactureCountry>
      <ManufacturerItemDescription>בונבוניירה</ManufacturerItemDescription>
      <UnitQty>גרמים</UnitQty>
      <Quantity>125.00</Quantity>
      <bIsWeighted>0</bIsWeighted>
      <UnitOfMeasure>100 גרם</UnitOfMeasure>
      <QtyInPackage>1</QtyInPackage>
      <ItemPrice>29.60</ItemPrice>
      <UnitOfMeasurePrice>23.68</UnitOfMeasurePrice>
      <AllowDiscount>1</AllowDiscount>
      <ItemStatus>0</ItemStatus>
    </Item>
    <Item>
      <PriceUpdateDate>2016-03-18 00:05</PriceUpdateDate>
      <ItemCode>5410076933242</ItemCode>
      <ItemType>1</ItemType>
      <ItemName>טייד אלפיין 3קג</ItemName>
      <ManufacturerName>פרוקטר &amp; גמבל</ManufacturerName>
      <ManufactureCountry>IL</ManufactureCountry>
      <ManufacturerItemDescription>אבקת טייד אלפיין</ManufacturerItemDescription>
      <UnitQty>קילוגרמים</UnitQty>
      <Quantity>3.00</Quantity>
      <bIsWeighted>0</bIsWeighted>
      <UnitOfMeasure>ק"ג</UnitOfMeasure>
      <QtyInPackage>0</QtyInPackage>
      <ItemPrice>32.50</ItemPrice>
      <UnitOfMeasurePrice>10.83</UnitOfMeasurePrice>
      <AllowDiscount>1</AllowDiscount>
      <ItemStatus>0</ItemStatus>
    </Item>
    <Item>
      <PriceUpdateDate>2016-03-18 00:05</PriceUpdateDate>
      <ItemCode>5413149712737</ItemCode>
      <ItemType>1</ItemType>
      <ItemName>אבקת טייד אלפיין 6 ק"ג</ItemName>
      <ManufacturerName>פרוקטר &amp; גמבל</ManufacturerName>
      <ManufactureCountry>TR</ManufactureCountry>
      <ManufacturerItemDescription>אבקת טייד אלפיין 6 ק"ג</ManufacturerItemDescription>
      <UnitQty>קילוגרמים</UnitQty>
      <Quantity>6.00</Quantity>
      <bIsWeighted>0</bIsWeighted>
      <UnitOfMeasure>ק"ג</UnitOfMeasure>
      <QtyInPackage>0</QtyInPackage>
      <ItemPrice>54.40</ItemPrice>
      <UnitOfMeasurePrice>9.07</UnitOfMeasurePrice>
      <AllowDiscount>1</AllowDiscount>
      <ItemStatus>0</ItemStatus>
    </Item>
    <Item>
      <PriceUpdateDate>2016-03-18 00:05</PriceUpdateDate>
      <ItemCode>5413149712942</ItemCode>
      <ItemType>1</ItemType>
      <ItemName>אבקת טייד סנסיטיב 6 ק"ג</ItemName>
      <ManufacturerName>פרוקטר &amp; גמבל</ManufacturerName>
      <ManufactureCountry>CH</ManufactureCountry>
      <ManufacturerItemDescription>אבקת כביסה טייד</ManufacturerItemDescription>
      <UnitQty>קילוגרמים</UnitQty>
      <Quantity>6.00</Quantity>
      <bIsWeighted>0</bIsWeighted>
      <UnitOfMeasure>ק"ג</UnitOfMeasure>
      <QtyInPackage>0</QtyInPackage>
      <ItemPrice>54.40</ItemPrice>
      <UnitOfMeasurePrice>9.07</UnitOfMeasurePrice>
      <AllowDiscount>1</AllowDiscount>
      <ItemStatus>0</ItemStatus>
    </Item>
    <Item>
      <PriceUpdateDate>2016-03-18 00:05</PriceUpdateDate>
      <ItemCode>645173911038</ItemCode>
      <ItemType>1</ItemType>
      <ItemName>מלפפונים קורנישונים670גר</ItemName>
      <ManufacturerName>קלמן אינדיה פי וי סי</ManufacturerName>
      <ManufactureCountry>IN</ManufactureCountry>
      <ManufacturerItemDescription>מלפפ.קורנישונים</ManufacturerItemDescription>
      <UnitQty>גרמים</UnitQty>
      <Quantity>670.00</Quantity>
      <bIsWeighted>0</bIsWeighted>
      <UnitOfMeasure>100 גרם</UnitOfMeasure>
      <QtyInPackage>0</QtyInPackage>
      <ItemPrice>8.50</ItemPrice>
      <UnitOfMeasurePrice>1.27</UnitOfMeasurePrice>
      <AllowDiscount>1</AllowDiscount>
      <ItemStatus>1</ItemStatus>
    </Item>
    <Item>
      <PriceUpdateDate>2016-03-18 00:05</PriceUpdateDate>
      <ItemCode>645692555614</ItemCode>
      <ItemType>1</ItemType>
      <ItemName>עוגיות שוקולד קוקוס200ג</ItemName>
      <ManufacturerName>אחים פפושדו ובניהם בע"מ</ManufacturerName>
      <ManufactureCountry>IL</ManufactureCountry>
      <ManufacturerItemDescription>עוגיות שוקולד</ManufacturerItemDescription>
      <UnitQty>גרמים</UnitQty>
      <Quantity>200.00</Quantity>
      <bIsWeighted>0</bIsWeighted>
      <UnitOfMeasure>100 גרם</UnitOfMeasure>
      <QtyInPackage>0</QtyInPackage>
      <ItemPrice>4.90</ItemPrice>
      <UnitOfMeasurePrice>2.45</UnitOfMeasurePrice>
      <AllowDiscount>1</AllowDiscount>
      <ItemStatus>1</ItemStatus>
    </Item>
    <Item>
      <PriceUpdateDate>2016-03-18 00:05</PriceUpdateDate>
      <ItemCode>667528021131</ItemCode>
      <ItemType>1</ItemType>
      <ItemName>קרם גוף סיקרט</ItemName>
      <ManufacturerName />
      <ManufactureCountry>IL</ManufactureCountry>
      <ManufacturerItemDescription>קרם גוף סיקרט</ManufacturerItemDescription>
      <UnitQty>מיליליטרים</UnitQty>
      <Quantity>250.00</Quantity>
      <bIsWeighted>0</bIsWeighted>
      <UnitOfMeasure>100 מ"ל</UnitOfMeasure>
      <QtyInPackage>0</QtyInPackage>
      <ItemPrice>64.90</ItemPrice>
      <UnitOfMeasurePrice>25.96</UnitOfMeasurePrice>
      <AllowDiscount>1</AllowDiscount>
      <ItemStatus>0</ItemStatus>
    </Item>
    <Item>
      <PriceUpdateDate>2016-03-18 00:06</PriceUpdateDate>
      <ItemCode>7290000001029</ItemCode>
      <ItemType>0</ItemType>
      <ItemName>פילפל צילי-יח'</ItemName>
      <ManufacturerName>קטיף</ManufacturerName>
      <ManufactureCountry>IL</ManufactureCountry>
      <ManufacturerItemDescription>פילפל צילי-יח'</ManufacturerItemDescription>
      <UnitQty>יחידה</UnitQty>
      <Quantity>1.00</Quantity>
      <bIsWeighted>0</bIsWeighted>
      <UnitOfMeasure>יחידה</UnitOfMeasure>
      <QtyInPackage>0</QtyInPackage>
      <ItemPrice>5.50</ItemPrice>
      <UnitOfMeasurePrice>5.50</UnitOfMeasurePrice>
      <AllowDiscount>1</AllowDiscount>
      <ItemStatus>1</ItemStatus>
    </Item>
    <Item>
      <PriceUpdateDate>2016-03-18 00:05</PriceUpdateDate>
      <ItemCode>7290000064154</ItemCode>
      <ItemType>1</ItemType>
      <ItemName>בצל מטוגן מובחר שקית40גר</ItemName>
      <ManufacturerName>אסם</ManufacturerName>
      <ManufactureCountry>IL</ManufactureCountry>
      <ManufacturerItemDescription>בצל מטוגן אסם</ManufacturerItemDescription>
      <UnitQty>גרמים</UnitQty>
      <Quantity>40.00</Quantity>
      <bIsWeighted>0</bIsWeighted>
      <UnitOfMeasure>100 גרם</UnitOfMeasure>
      <QtyInPackage>0</QtyInPackage>
      <ItemPrice>5.90</ItemPrice>
      <UnitOfMeasurePrice>14.75</UnitOfMeasurePrice>
      <AllowDiscount>1</AllowDiscount>
      <ItemStatus>1</ItemStatus>
    </Item>
    <Item>
      <PriceUpdateDate>2016-03-18 00:05</PriceUpdateDate>
      <ItemCode>7290000070124</ItemCode>
      <ItemType>1</ItemType>
      <ItemName>ספגטי 500*4 גרם</ItemName>
      <ManufacturerName>זארה</ManufacturerName>
      <ManufactureCountry>IT</ManufactureCountry>
      <ManufacturerItemDescription>ספגטי מארז 4 יח'</ManufacturerItemDescription>
      <UnitQty>קילוגרמים</UnitQty>
      <Quantity>2.00</Quantity>
      <bIsWeighted>0</bIsWeighted>
      <UnitOfMeasure>ק"ג</UnitOfMeasure>
      <QtyInPackage>0</QtyInPackage>
      <ItemPrice>19.80</ItemPrice>
      <UnitOfMeasurePrice>9.90</UnitOfMeasurePrice>
      <AllowDiscount>1</AllowDiscount>
      <ItemStatus>0</ItemStatus>
    </Item>
    <Item>
      <PriceUpdateDate>2016-03-18 00:06</PriceUpdateDate>
      <ItemCode>7290000074276</ItemCode>
      <ItemType>1</ItemType>
      <ItemName>קרקר פיקנטי 250 גרם</ItemName>
      <ManufacturerName>אסם</ManufacturerName>
      <ManufactureCountry>IL</ManufactureCountry>
      <ManufacturerItemDescription>קרקר פיקנטי אסם</ManufacturerItemDescription>
      <UnitQty>גרמים</UnitQty>
      <Quantity>250.00</Quantity>
      <bIsWeighted>0</bIsWeighted>
      <UnitOfMeasure>100 גרם</UnitOfMeasure>
      <QtyInPackage>0</QtyInPackage>
      <ItemPrice>9.90</ItemPrice>
      <UnitOfMeasurePrice>3.96</UnitOfMeasurePrice>
      <AllowDiscount>1</AllowDiscount>
      <ItemStatus>1</ItemStatus>
    </Item>
    <Item>
      <PriceUpdateDate>2016-03-18 00:06</PriceUpdateDate>
      <ItemCode>7290000090603</ItemCode>
      <ItemType>0</ItemType>
      <ItemName>פוקצה עם ירקות קפוא</ItemName>
      <ManufacturerName>גידרון</ManufacturerName>
      <ManufactureCountry>IL</ManufactureCountry>
      <ManufacturerItemDescription>פוקצה עם ירקות</ManufacturerItemDescription>
      <UnitQty>יחידה</UnitQty>
      <Quantity>1.00</Quantity>
      <bIsWeighted>0</bIsWeighted>
      <UnitOfMeasure>יחידה</UnitOfMeasure>
      <QtyInPackage>0</QtyInPackage>
      <ItemPrice>7.20</ItemPrice>
      <UnitOfMeasurePrice>7.20</UnitOfMeasurePrice>
      <AllowDiscount>1</AllowDiscount>
      <ItemStatus>0</ItemStatus>
    </Item>
    <Item>
      <PriceUpdateDate>2016-03-18 00:05</PriceUpdateDate>
      <ItemCode>7290000093505</ItemCode>
      <ItemType>0</ItemType>
      <ItemName>סבון מדימיקס קלאסי אישי</ItemName>
      <ManufacturerName>יוניק</ManufacturerName>
      <ManufactureCountry>IL</ManufactureCountry>
      <ManufacturerItemDescription>סבון מדימיקס</ManufacturerItemDescription>
      <UnitQty>גרמים</UnitQty>
      <Quantity>18.00</Quantity>
      <bIsWeighted>0</bIsWeighted>
      <UnitOfMeasure>100 גרם</UnitOfMeasure>
      <QtyInPackage>0</QtyInPackage>
      <ItemPrice>3.00</ItemPrice>
      <UnitOfMeasurePrice>16.67</UnitOfMeasurePrice>
      <AllowDiscount>1</AllowDiscount>
      <ItemStatus>1</ItemStatus>
    </Item>
    <Item>
      <PriceUpdateDate>2016-03-18 00:05</PriceUpdateDate>
      <ItemCode>7290000130248</ItemCode>
      <ItemType>1</ItemType>
      <ItemName>קמח מצה חמץ 500 גרם</ItemName>
      <ManufacturerName>מצות אביב</ManufacturerName>
      <ManufactureCountry>IL</ManufactureCountry>
      <ManufacturerItemDescription>קמח מצה חמץ</ManufacturerItemDescription>
      <UnitQty>גרמים</UnitQty>
      <Quantity>500.00</Quantity>
      <bIsWeighted>0</bIsWeighted>
      <UnitOfMeasure>100 גרם</UnitOfMeasure>
      <QtyInPackage>0</QtyInPackage>
      <ItemPrice>6.40</ItemPrice>
      <UnitOfMeasurePrice>1.28</UnitOfMeasurePrice>
      <AllowDiscount>1</AllowDiscount>
      <ItemStatus>0</ItemStatus>
    </Item>
    <Item>
      <PriceUpdateDate>2016-03-18 00:05</PriceUpdateDate>
      <ItemCode>7290000146508</ItemCode>
      <ItemType>1</ItemType>
      <ItemName>סבון הוואי מסתורי 100 גר</ItemName>
      <ManufacturerName>טרופיקל דגיל</ManufacturerName>
      <ManufactureCountry>IL</ManufactureCountry>
      <ManufacturerItemDescription>סבון הוואי מסתורי 100 גר</ManufacturerItemDescription>
      <UnitQty>גרמים</UnitQty>
      <Quantity>100.00</Quantity>
      <bIsWeighted>0</bIsWeighted>
      <UnitOfMeasure>100 גרם</UnitOfMeasure>
      <QtyInPackage>0</QtyInPackage>
      <ItemPrice>5.00</ItemPrice>
      <UnitOfMeasurePrice>5.00</UnitOfMeasurePrice>
      <AllowDiscount>1</AllowDiscount>
      <ItemStatus>1</ItemStatus>
    </Item>
    <Item>
      <PriceUpdateDate>2016-03-18 00:05</PriceUpdateDate>
      <ItemCode>7290000168005</ItemCode>
      <ItemType>1</ItemType>
      <ItemName>דאו.דאב מן סילבר 150 מ"ל</ItemName>
      <ManufacturerName>יוניליוור</ManufacturerName>
      <ManufactureCountry>IL</ManufactureCountry>
      <ManufacturerItemDescription>דאודורנט דאב מן</ManufacturerItemDescription>
      <UnitQty>מיליליטרים</UnitQty>
      <Quantity>150.00</Quantity>
      <bIsWeighted>0</bIsWeighted>
      <UnitOfMeasure>100 מ"ל</UnitOfMeasure>
      <QtyInPackage>0</QtyInPackage>
      <ItemPrice>22.90</ItemPrice>
      <UnitOfMeasurePrice>15.27</UnitOfMeasurePrice>
      <AllowDiscount>1</AllowDiscount>
      <ItemStatus>0</ItemStatus>
    </Item>
    <Item>
      <PriceUpdateDate>2016-03-18 00:05</PriceUpdateDate>
      <ItemCode>7290000196732</ItemCode>
      <ItemType>1</ItemType>
      <ItemName>מכנסוני שקמה אובר נייטXL</ItemName>
      <ManufacturerName>חוגלה קימברלי</ManufacturerName>
      <ManufactureCountry>IL</ManufactureCountry>
      <ManufacturerItemDescription>מכנסוני שקמה</ManufacturerItemDescription>
      <UnitQty>יחידה</UnitQty>
      <Quantity>1.00</Quantity>
      <bIsWeighted>0</bIsWeighted>
      <UnitOfMeasure>יחידה</UnitOfMeasure>
      <QtyInPackage>1</QtyInPackage>
      <ItemPrice>52.90</ItemPrice>
      <UnitOfMeasurePrice>52.90</UnitOfMeasurePrice>
      <AllowDiscount>1</AllowDiscount>
      <ItemStatus>0</ItemStatus>
    </Item>
    <Item>
      <PriceUpdateDate>2016-03-18 00:05</PriceUpdateDate>
      <ItemCode>7290000255897</ItemCode>
      <ItemType>1</ItemType>
      <ItemName>שוקולד חלב+פיצפוצים100גר</ItemName>
      <ManufacturerName>עלית</ManufacturerName>
      <ManufactureCountry>IL</ManufactureCountry>
      <ManufacturerItemDescription>שוקולד פיצפוצים</ManufacturerItemDescription>
      <UnitQty>גרמים</UnitQty>
      <Quantity>100.00</Quantity>
      <bIsWeighted>0</bIsWeighted>
      <UnitOfMeasure>100 גרם</UnitOfMeasure>
      <QtyInPackage>0</QtyInPackage>
      <ItemPrice>5.50</ItemPrice>
      <UnitOfMeasurePrice>5.50</UnitOfMeasurePrice>
      <AllowDiscount>1</AllowDiscount>
      <ItemStatus>0</ItemStatus>
    </Item>
    <Item>
      <PriceUpdateDate>2016-03-18 00:05</PriceUpdateDate>
      <ItemCode>7290000287430</ItemCode>
      <ItemType>1</ItemType>
      <ItemName>סנובון לימון לאסלה 3 יח'</ItemName>
      <ManufacturerName>סנו</ManufacturerName>
      <ManufactureCountry>IL</ManufactureCountry>
      <ManufacturerItemDescription>סנובון לאסלה</ManufacturerItemDescription>
      <UnitQty>גרמים</UnitQty>
      <Quantity>165.00</Quantity>
      <bIsWeighted>0</bIsWeighted>
      <UnitOfMeasure>100 גרם</UnitOfMeasure>
      <QtyInPackage>0</QtyInPackage>
      <ItemPrice>10.90</ItemPrice>
      <UnitOfMeasurePrice>6.61</UnitOfMeasurePrice>
      <AllowDiscount>1</AllowDiscount>
      <ItemStatus>1</ItemStatus>
    </Item>
    <Item>
      <PriceUpdateDate>2016-03-18 00:05</PriceUpdateDate>
      <ItemCode>7290000293516</ItemCode>
      <ItemType>1</ItemType>
      <ItemName>סנו סופג לחות במיכל 340ג</ItemName>
      <ManufacturerName>סנו</ManufacturerName>
      <ManufactureCountry>IL</ManufactureCountry>
      <ManufacturerItemDescription>סנו סופג לחות</ManufacturerItemDescription>
      <UnitQty>גרמים</UnitQty>
      <Quantity>340.00</Quantity>
      <bIsWeighted>0</bIsWeighted>
      <UnitOfMeasure>100 גרם</UnitOfMeasure>
      <QtyInPackage>0</QtyInPackage>
      <ItemPrice>26.70</ItemPrice>
      <UnitOfMeasurePrice>7.85</UnitOfMeasurePrice>
      <AllowDiscount>1</AllowDiscount>
      <ItemStatus>1</ItemStatus>
    </Item>
    <Item>
      <PriceUpdateDate>2016-03-18 00:05</PriceUpdateDate>
      <ItemCode>7290000302065</ItemCode>
      <ItemType>1</ItemType>
      <ItemName>ברודווי 80 10 יח'</ItemName>
      <ManufacturerName>דובק בע"מ</ManufacturerName>
      <ManufactureCountry>IL</ManufactureCountry>
      <ManufacturerItemDescription>ברודווי 80</ManufacturerItemDescription>
      <UnitQty>יחידה</UnitQty>
      <Quantity>1.00</Quantity>
      <bIsWeighted>0</bIsWeighted>
      <UnitOfMeasure>יחידה</UnitOfMeasure>
      <QtyInPackage>0</QtyInPackage>
      <ItemPrice>264.90</ItemPrice>
      <UnitOfMeasurePrice>264.90</UnitOfMeasurePrice>
      <AllowDiscount>0</AllowDiscount>
      <ItemStatus>0</ItemStatus>
    </Item>
    <Item>
      <PriceUpdateDate>2016-03-18 00:05</PriceUpdateDate>
      <ItemCode>7290000318684</ItemCode>
      <ItemType>1</ItemType>
      <ItemName>סלמי פיין 85 800 גרם</ItemName>
      <ManufacturerName>מעדני יחיעם</ManufacturerName>
      <ManufactureCountry>IL</ManufactureCountry>
      <ManufacturerItemDescription>סלמי פיין 85</ManufacturerItemDescription>
      <UnitQty>גרמים</UnitQty>
      <Quantity>800.00</Quantity>
      <bIsWeighted>0</bIsWeighted>
      <UnitOfMeasure>100 גרם</UnitOfMeasure>
      <QtyInPackage>0</QtyInPackage>
      <ItemPrice>34.30</ItemPrice>
      <UnitOfMeasurePrice>4.29</UnitOfMeasurePrice>
      <AllowDiscount>1</AllowDiscount>
      <ItemStatus>0</ItemStatus>
    </Item>
    <Item>
      <PriceUpdateDate>2016-03-18 00:05</PriceUpdateDate>
      <ItemCode>7290000463223</ItemCode>
      <ItemType>1</ItemType>
      <ItemName>זית גדול מאד שום560ג</ItemName>
      <ManufacturerName>בית השיטה</ManufacturerName>
      <ManufactureCountry>IL</ManufactureCountry>
      <ManufacturerItemDescription>זיתים טעם שום</ManufacturerItemDescription>
      <UnitQty>גרמים</UnitQty>
      <Quantity>560.00</Quantity>
      <bIsWeighted>0</bIsWeighted>
      <UnitOfMeasure>100 גרם</UnitOfMeasure>
      <QtyInPackage>0</QtyInPackage>
      <ItemPrice>10.80</ItemPrice>
      <UnitOfMeasurePrice>1.93</UnitOfMeasurePrice>
      <AllowDiscount>1</AllowDiscount>
      <ItemStatus>1</ItemStatus>
    </Item>
    <Item>
      <PriceUpdateDate>2016-03-18 00:05</PriceUpdateDate>
      <ItemCode>7290000464459</ItemCode>
      <ItemType>1</ItemType>
      <ItemName>קוקטייל זיתים 560 גרם</ItemName>
      <ManufacturerName>בית השיטה</ManufacturerName>
      <ManufactureCountry>IL</ManufactureCountry>
      <ManufacturerItemDescription>קוקטייל זיתים</ManufacturerItemDescription>
      <UnitQty>גרמים</UnitQty>
      <Quantity>560.00</Quantity>
      <bIsWeighted>0</bIsWeighted>
      <UnitOfMeasure>100 גרם</UnitOfMeasure>
      <QtyInPackage>0</QtyInPackage>
      <ItemPrice>10.80</ItemPrice>
      <UnitOfMeasurePrice>1.93</UnitOfMeasurePrice>
      <AllowDiscount>1</AllowDiscount>
      <ItemStatus>0</ItemStatus>
    </Item>
    <Item>
      <PriceUpdateDate>2016-03-18 00:05</PriceUpdateDate>
      <ItemCode>7290000466163</ItemCode>
      <ItemType>1</ItemType>
      <ItemName>מלפ.גולן מלח 7-9 560 גרם</ItemName>
      <ManufacturerName>בית השיטה</ManufacturerName>
      <ManufactureCountry>IL</ManufactureCountry>
      <ManufacturerItemDescription>מלפפונים במלח</ManufacturerItemDescription>
      <UnitQty>גרמים</UnitQty>
      <Quantity>560.00</Quantity>
      <bIsWeighted>0</bIsWeighted>
      <UnitOfMeasure>100 גרם</UnitOfMeasure>
      <QtyInPackage>0</QtyInPackage>
      <ItemPrice>5.90</ItemPrice>
      <UnitOfMeasurePrice>1.05</UnitOfMeasurePrice>
      <AllowDiscount>1</AllowDiscount>
      <ItemStatus>0</ItemStatus>
    </Item>
    <Item>
      <PriceUpdateDate>2016-03-18 00:05</PriceUpdateDate>
      <ItemCode>7290000466187</ItemCode>
      <ItemType>1</ItemType>
      <ItemName>מלפפונים במלח 13-17 560ג</ItemName>
      <ManufacturerName>בית השיטה</ManufacturerName>
      <ManufactureCountry>IL</ManufactureCountry>
      <ManufacturerItemDescription>מלפפונים במלח</ManufacturerItemDescription>
      <UnitQty>גרמים</UnitQty>
      <Quantity>560.00</Quantity>
      <bIsWeighted>0</bIsWeighted>
      <UnitOfMeasure>100 גרם</UnitOfMeasure>
      <QtyInPackage>0</QtyInPackage>
      <ItemPrice>9.20</ItemPrice>
      <UnitOfMeasurePrice>1.64</UnitOfMeasurePrice>
      <AllowDiscount>1</AllowDiscount>
      <ItemStatus>0</ItemStatus>
    </Item>
    <Item>
      <PriceUpdateDate>2016-03-18 00:05</PriceUpdateDate>
      <ItemCode>7290000469638</ItemCode>
      <ItemType>1</ItemType>
      <ItemName>מריטו ענק 500 מ"ל</ItemName>
      <ManufacturerName>בולטון</ManufacturerName>
      <ManufactureCountry>IL</ManufactureCountry>
      <ManufacturerItemDescription>מריטו לגיהוץ קל</ManufacturerItemDescription>
      <UnitQty>מיליליטרים</UnitQty>
      <Quantity>500.00</Quantity>
      <bIsWeighted>0</bIsWeighted>
      <UnitOfMeasure>100 מ"ל</UnitOfMeasure>
      <QtyInPackage>0</QtyInPackage>
      <ItemPrice>21.10</ItemPrice>
      <UnitOfMeasurePrice>4.22</UnitOfMeasurePrice>
      <AllowDiscount>1</AllowDiscount>
      <ItemStatus>1</ItemStatus>
    </Item>
    <Item>
      <PriceUpdateDate>2016-03-18 00:05</PriceUpdateDate>
      <ItemCode>7290000484501</ItemCode>
      <ItemType>1</ItemType>
      <ItemName>אלוף הארק 750 מ"ל</ItemName>
      <ManufacturerName>יקב הגליל יוסף גולד ובניו</ManufacturerName>
      <ManufactureCountry>IL</ManufactureCountry>
      <ManufacturerItemDescription>אלוף הארק</ManufacturerItemDescription>
      <UnitQty>מיליליטרים</UnitQty>
      <Quantity>750.00</Quantity>
      <bIsWeighted>0</bIsWeighted>
      <UnitOfMeasure>100 מ"ל</UnitOfMeasure>
      <QtyInPackage>0</QtyInPackage>
      <ItemPrice>89.10</ItemPrice>
      <UnitOfMeasurePrice>11.88</UnitOfMeasurePrice>
      <AllowDiscount>1</AllowDiscount>
      <ItemStatus>1</ItemStatus>
    </Item>
    <Item>
      <PriceUpdateDate>2016-03-18 00:05</PriceUpdateDate>
      <ItemCode>7290000493367</ItemCode>
      <ItemType>1</ItemType>
      <ItemName>עוג.חמוציות פיטנס 25*6ג</ItemName>
      <ManufacturerName>אסם</ManufacturerName>
      <ManufactureCountry>IL</ManufactureCountry>
      <ManufacturerItemDescription>עוגיות פיטנס 6יח</ManufacturerItemDescription>
      <UnitQty>גרמים</UnitQty>
      <Quantity>150.00</Quantity>
      <bIsWeighted>0</bIsWeighted>
      <UnitOfMeasure>100 גרם</UnitOfMeasure>
      <QtyInPackage>0</QtyInPackage>
      <ItemPrice>13.80</ItemPrice>
      <UnitOfMeasurePrice>9.20</UnitOfMeasurePrice>
      <AllowDiscount>1</AllowDiscount>
      <ItemStatus>1</ItemStatus>
    </Item>
    <Item>
      <PriceUpdateDate>2016-03-18 00:05</PriceUpdateDate>
      <ItemCode>7290000530550</ItemCode>
      <ItemType>1</ItemType>
      <ItemName>נקניקיות וינר 60 קפוא 1ק</ItemName>
      <ManufacturerName>זוגלובק</ManufacturerName>
      <ManufactureCountry>IL</ManufactureCountry>
      <ManufacturerItemDescription>נקניקיות וינר</ManufacturerItemDescription>
      <UnitQty>גרמים</UnitQty>
      <Quantity>1000.00</Quantity>
      <bIsWeighted>0</bIsWeighted>
      <UnitOfMeasure>100 גרם</UnitOfMeasure>
      <QtyInPackage>0</QtyInPackage>
      <ItemPrice>31.60</ItemPrice>
      <UnitOfMeasurePrice>3.16</UnitOfMeasurePrice>
      <AllowDiscount>1</AllowDiscount>
      <ItemStatus>1</ItemStatus>
    </Item>
    <Item>
      <PriceUpdateDate>2016-03-18 00:05</PriceUpdateDate>
      <ItemCode>7290000551067</ItemCode>
      <ItemType>1</ItemType>
      <ItemName>צלי כתף מס5' מוכשר קפוא</ItemName>
      <ManufacturerName>שונות</ManufacturerName>
      <ManufactureCountry>XX</ManufactureCountry>
      <ManufacturerItemDescription>צלי כתף מוכשר</ManufacturerItemDescription>
      <UnitQty>קילוגרמים</UnitQty>
      <Quantity>0.00</Quantity>
      <bIsWeighted>1</bIsWeighted>
      <UnitOfMeasure>ק"ג</UnitOfMeasure>
      <QtyInPackage>0</QtyInPackage>
      <ItemPrice>64.90</ItemPrice>
      <UnitOfMeasurePrice>64.90</UnitOfMeasurePrice>
      <AllowDiscount>1</AllowDiscount>
      <ItemStatus>0</ItemStatus>
    </Item>
    <Item>
      <PriceUpdateDate>2016-03-18 00:05</PriceUpdateDate>
      <ItemCode>7290000945798</ItemCode>
      <ItemType>0</ItemType>
      <ItemName>מאפה גבינה במשקל</ItemName>
      <ManufacturerName>רולדין</ManufacturerName>
      <ManufactureCountry>IL</ManufactureCountry>
      <ManufacturerItemDescription>מאפה גבינה</ManufacturerItemDescription>
      <UnitQty>קילוגרמים</UnitQty>
      <Quantity>0.00</Quantity>
      <bIsWeighted>1</bIsWeighted>
      <UnitOfMeasure>ק"ג</UnitOfMeasure>
      <QtyInPackage>0</QtyInPackage>
      <ItemPrice>44.00</ItemPrice>
      <UnitOfMeasurePrice>44.00</UnitOfMeasurePrice>
      <AllowDiscount>1</AllowDiscount>
      <ItemStatus>1</ItemStatus>
    </Item>
    <Item>
      <PriceUpdateDate>2016-03-18 00:05</PriceUpdateDate>
      <ItemCode>7290000946955</ItemCode>
      <ItemType>0</ItemType>
      <ItemName>מאפה תפו"א</ItemName>
      <ManufacturerName />
      <ManufactureCountry />
      <ManufacturerItemDescription>מאפה תפו"א</ManufacturerItemDescription>
      <UnitQty>קילוגרמים</UnitQty>
      <Quantity>0.00</Quantity>
      <bIsWeighted>1</bIsWeighted>
      <UnitOfMeasure>ק"ג</UnitOfMeasure>
      <QtyInPackage>0</QtyInPackage>
      <ItemPrice>44.00</ItemPrice>
      <UnitOfMeasurePrice>44.00</UnitOfMeasurePrice>
      <AllowDiscount>1</AllowDiscount>
      <ItemStatus>1</ItemStatus>
    </Item>
    <Item>
      <PriceUpdateDate>2016-03-18 00:06</PriceUpdateDate>
      <ItemCode>7290000965048</ItemCode>
      <ItemType>0</ItemType>
      <ItemName>אבטיח אישי בארגז</ItemName>
      <ManufacturerName>קטיף</ManufacturerName>
      <ManufactureCountry>IL</ManufactureCountry>
      <ManufacturerItemDescription>אבטיח אישי</ManufacturerItemDescription>
      <UnitQty>קילוגרמים</UnitQty>
      <Quantity>0.00</Quantity>
      <bIsWeighted>1</bIsWeighted>
      <UnitOfMeasure>ק"ג</UnitOfMeasure>
      <QtyInPackage>0</QtyInPackage>
      <ItemPrice>4.90</ItemPrice>
      <UnitOfMeasurePrice>4.90</UnitOfMeasurePrice>
      <AllowDiscount>1</AllowDiscount>
      <ItemStatus>0</ItemStatus>
    </Item>
    <Item>
      <PriceUpdateDate>2016-03-18 00:06</PriceUpdateDate>
      <ItemCode>7290000965079</ItemCode>
      <ItemType>0</ItemType>
      <ItemName>מלון כתום</ItemName>
      <ManufacturerName />
      <ManufactureCountry>IL</ManufactureCountry>
      <ManufacturerItemDescription>מלון כתום</ManufacturerItemDescription>
      <UnitQty>קילוגרמים</UnitQty>
      <Quantity>0.00</Quantity>
      <bIsWeighted>1</bIsWeighted>
      <UnitOfMeasure>ק"ג</UnitOfMeasure>
      <QtyInPackage>0</QtyInPackage>
      <ItemPrice>9.90</ItemPrice>
      <UnitOfMeasurePrice>9.90</UnitOfMeasurePrice>
      <AllowDiscount>1</AllowDiscount>
      <ItemStatus>1</ItemStatus>
    </Item>
    <Item>
      <PriceUpdateDate>2016-03-17 10:10</PriceUpdateDate>
      <ItemCode>7290000966410</ItemCode>
      <ItemType>0</ItemType>
      <ItemName>שסק</ItemName>
      <ManufacturerName>קטיף</ManufacturerName>
      <ManufactureCountry>IL</ManufactureCountry>
      <ManufacturerItemDescription>שסק</ManufacturerItemDescription>
      <UnitQty>קילוגרמים</UnitQty>
      <Quantity>0.00</Quantity>
      <bIsWeighted>1</bIsWeighted>
      <UnitOfMeasure>ק"ג</UnitOfMeasure>
      <QtyInPackage>0</QtyInPackage>
      <ItemPrice>29.90</ItemPrice>
      <UnitOfMeasurePrice>29.90</UnitOfMeasurePrice>
      <AllowDiscount>1</AllowDiscount>
      <ItemStatus>0</ItemStatus>
    </Item>
    <Item>
      <PriceUpdateDate>2016-03-18 00:05</PriceUpdateDate>
      <ItemCode>7290000978949</ItemCode>
      <ItemType>0</ItemType>
      <ItemName>ברוקומיני יח'</ItemName>
      <ManufacturerName>קטיף</ManufacturerName>
      <ManufactureCountry>IL</ManufactureCountry>
      <ManufacturerItemDescription>ברוקומיני</ManufacturerItemDescription>
      <UnitQty>יחידה</UnitQty>
      <Quantity>1.00</Quantity>
      <bIsWeighted>0</bIsWeighted>
      <UnitOfMeasure>יחידה</UnitOfMeasure>
      <QtyInPackage>0</QtyInPackage>
      <ItemPrice>7.90</ItemPrice>
      <UnitOfMeasurePrice>7.90</UnitOfMeasurePrice>
      <AllowDiscount>1</AllowDiscount>
      <ItemStatus>1</ItemStatus>
    </Item>
    <Item>
      <PriceUpdateDate>2016-03-17 08:59</PriceUpdateDate>
      <ItemCode>7290000992518</ItemCode>
      <ItemType>0</ItemType>
      <ItemName>תפו"ע גולייט אורגני משקל</ItemName>
      <ManufacturerName>.</ManufacturerName>
      <ManufactureCountry>IL</ManufactureCountry>
      <ManufacturerItemDescription>תפו"ע גולייט אור</ManufacturerItemDescription>
      <UnitQty>קילוגרמים</UnitQty>
      <Quantity>0.00</Quantity>
      <bIsWeighted>1</bIsWeighted>
      <UnitOfMeasure>ק"ג</UnitOfMeasure>
      <QtyInPackage>0</QtyInPackage>
      <ItemPrice>21.90</ItemPrice>
      <UnitOfMeasurePrice>21.90</UnitOfMeasurePrice>
      <AllowDiscount>1</AllowDiscount>
      <ItemStatus>1</ItemStatus>
    </Item>
    <Item>
      <PriceUpdateDate>2016-03-18 00:05</PriceUpdateDate>
      <ItemCode>7290001126110</ItemCode>
      <ItemType>1</ItemType>
      <ItemName>צלי עגל לתנור ברשת לקג</ItemName>
      <ManufacturerName>טיבון ויל - נטו</ManufacturerName>
      <ManufactureCountry>IL</ManufactureCountry>
      <ManufacturerItemDescription>צלי עגל לתנור</ManufacturerItemDescription>
      <UnitQty>קילוגרמים</UnitQty>
      <Quantity>0.00</Quantity>
      <bIsWeighted>1</bIsWeighted>
      <UnitOfMeasure>ק"ג</UnitOfMeasure>
      <QtyInPackage>0</QtyInPackage>
      <ItemPrice>49.90</ItemPrice>
      <UnitOfMeasurePrice>49.90</UnitOfMeasurePrice>
      <AllowDiscount>1</AllowDiscount>
      <ItemStatus>1</ItemStatus>
    </Item>
    <Item>
      <PriceUpdateDate>2016-03-18 00:05</PriceUpdateDate>
      <ItemCode>7290001126172</ItemCode>
      <ItemType>1</ItemType>
      <ItemName>גולש עגל 800 גרם</ItemName>
      <ManufacturerName>טיבון ויל - נטו</ManufacturerName>
      <ManufactureCountry>IL</ManufactureCountry>
      <ManufacturerItemDescription>גולש עגל 800 גרם</ManufacturerItemDescription>
      <UnitQty>גרמים</UnitQty>
      <Quantity>800.00</Quantity>
      <bIsWeighted>0</bIsWeighted>
      <UnitOfMeasure>100 גרם</UnitOfMeasure>
      <QtyInPackage>0</QtyInPackage>
      <ItemPrice>39.90</ItemPrice>
      <UnitOfMeasurePrice>4.99</UnitOfMeasurePrice>
      <AllowDiscount>1</AllowDiscount>
      <ItemStatus>1</ItemStatus>
    </Item>
    <Item>
      <PriceUpdateDate>2016-03-18 00:05</PriceUpdateDate>
      <ItemCode>7290001482094</ItemCode>
      <ItemType>1</ItemType>
      <ItemName>פרמז'נו</ItemName>
      <ManufacturerName />
      <ManufactureCountry />
      <ManufacturerItemDescription>פרמז'נו</ManufacturerItemDescription>
      <UnitQty>גרמים</UnitQty>
      <Quantity>200.00</Quantity>
      <bIsWeighted>0</bIsWeighted>
      <UnitOfMeasure>100 גרם</UnitOfMeasure>
      <QtyInPackage>0</QtyInPackage>
      <ItemPrice>24.90</ItemPrice>
      <UnitOfMeasurePrice>12.45</UnitOfMeasurePrice>
      <AllowDiscount>1</AllowDiscount>
      <ItemStatus>0</ItemStatus>
    </Item>
    <Item>
      <PriceUpdateDate>2016-03-18 00:05</PriceUpdateDate>
      <ItemCode>7290001484715</ItemCode>
      <ItemType>1</ItemType>
      <ItemName>רבע כבש מעובד מוצפי ק"ג</ItemName>
      <ManufacturerName>בלדי</ManufacturerName>
      <ManufactureCountry>IL</ManufactureCountry>
      <ManufacturerItemDescription>רבע כבש מעובד</ManufacturerItemDescription>
      <UnitQty>קילוגרמים</UnitQty>
      <Quantity>0.00</Quantity>
      <bIsWeighted>1</bIsWeighted>
      <UnitOfMeasure>ק"ג</UnitOfMeasure>
      <QtyInPackage>1</QtyInPackage>
      <ItemPrice>69.90</ItemPrice>
      <UnitOfMeasurePrice>69.90</UnitOfMeasurePrice>
      <AllowDiscount>1</AllowDiscount>
      <ItemStatus>1</ItemStatus>
    </Item>
    <Item>
      <PriceUpdateDate>2016-03-18 00:05</PriceUpdateDate>
      <ItemCode>7290002121343</ItemCode>
      <ItemType>1</ItemType>
      <ItemName>מוס ליצירת נפח השיער200מ</ItemName>
      <ManufacturerName>קרליין</ManufacturerName>
      <ManufactureCountry>IL</ManufactureCountry>
      <ManufacturerItemDescription>מוס לשיער</ManufacturerItemDescription>
      <UnitQty>מיליליטרים</UnitQty>
      <Quantity>200.00</Quantity>
      <bIsWeighted>0</bIsWeighted>
      <UnitOfMeasure>100 מ"ל</UnitOfMeasure>
      <QtyInPackage>0</QtyInPackage>
      <ItemPrice>19.70</ItemPrice>
      <UnitOfMeasurePrice>9.85</UnitOfMeasurePrice>
      <AllowDiscount>1</AllowDiscount>
      <ItemStatus>1</ItemStatus>
    </Item>
    <Item>
      <PriceUpdateDate>2016-03-18 00:05</PriceUpdateDate>
      <ItemCode>7290002133940</ItemCode>
      <ItemType>1</ItemType>
      <ItemName>יוגורט של פעם כבשים 180ג</ItemName>
      <ManufacturerName>מחלבת השומרון</ManufacturerName>
      <ManufactureCountry>IL</ManufactureCountry>
      <ManufacturerItemDescription>יוגורט של פעם</ManufacturerItemDescription>
      <UnitQty>גרמים</UnitQty>
      <Quantity>180.00</Quantity>
      <bIsWeighted>0</bIsWeighted>
      <UnitOfMeasure>100 גרם</UnitOfMeasure>
      <QtyInPackage>0</QtyInPackage>
      <ItemPrice>6.10</ItemPrice>
      <UnitOfMeasurePrice>3.39</UnitOfMeasurePrice>
      <AllowDiscount>1</AllowDiscount>
      <ItemStatus>0</ItemStatus>
    </Item>
    <Item>
      <PriceUpdateDate>2016-03-18 00:05</PriceUpdateDate>
      <ItemCode>7290002514268</ItemCode>
      <ItemType>1</ItemType>
      <ItemName>בסיס לעוגת טורט וניל400ג</ItemName>
      <ManufacturerName>קונטיננטל בייקריז</ManufacturerName>
      <ManufactureCountry>DE</ManufactureCountry>
      <ManufacturerItemDescription>בסיס לעוגת טורט</ManufacturerItemDescription>
      <UnitQty>גרמים</UnitQty>
      <Quantity>400.00</Quantity>
      <bIsWeighted>0</bIsWeighted>
      <UnitOfMeasure>100 גרם</UnitOfMeasure>
      <QtyInPackage>0</QtyInPackage>
      <ItemPrice>16.80</ItemPrice>
      <UnitOfMeasurePrice>4.20</UnitOfMeasurePrice>
      <AllowDiscount>1</AllowDiscount>
      <ItemStatus>1</ItemStatus>
    </Item>
    <Item>
      <PriceUpdateDate>2016-03-18 00:06</PriceUpdateDate>
      <ItemCode>7290002674238</ItemCode>
      <ItemType>1</ItemType>
      <ItemName>מ.אקווה פרש מנטול125מ"ל</ItemName>
      <ManufacturerName>ג.' אס.קיו</ManufacturerName>
      <ManufactureCountry>GB</ManufactureCountry>
      <ManufacturerItemDescription>משחת אקווה פרש</ManufacturerItemDescription>
      <UnitQty>מיליליטרים</UnitQty>
      <Quantity>125.00</Quantity>
      <bIsWeighted>0</bIsWeighted>
      <UnitOfMeasure>100 מ"ל</UnitOfMeasure>
      <QtyInPackage>0</QtyInPackage>
      <ItemPrice>6.90</ItemPrice>
      <UnitOfMeasurePrice>5.52</UnitOfMeasurePrice>
      <AllowDiscount>1</AllowDiscount>
      <ItemStatus>1</ItemStatus>
    </Item>
    <Item>
      <PriceUpdateDate>2016-03-18 00:05</PriceUpdateDate>
      <ItemCode>7290003158171</ItemCode>
      <ItemType>1</ItemType>
      <ItemName>פילס טונה במשקל</ItemName>
      <ManufacturerName>גידרון</ManufacturerName>
      <ManufactureCountry>IL</ManufactureCountry>
      <ManufacturerItemDescription>פילס טונה</ManufacturerItemDescription>
      <UnitQty>קילוגרמים</UnitQty>
      <Quantity>0.00</Quantity>
      <bIsWeighted>1</bIsWeighted>
      <UnitOfMeasure>ק"ג</UnitOfMeasure>
      <QtyInPackage>0</QtyInPackage>
      <ItemPrice>46.00</ItemPrice>
      <UnitOfMeasurePrice>46.00</UnitOfMeasurePrice>
      <AllowDiscount>1</AllowDiscount>
      <ItemStatus>1</ItemStatus>
    </Item>
    <Item>
      <PriceUpdateDate>2016-03-18 00:05</PriceUpdateDate>
      <ItemCode>7290003401420</ItemCode>
      <ItemType>1</ItemType>
      <ItemName>ק.לחות סיליקון לשיער400מ</ItemName>
      <ManufacturerName>קרליין</ManufacturerName>
      <ManufactureCountry>IL</ManufactureCountry>
      <ManufacturerItemDescription>קרם לחות לשיער</ManufacturerItemDescription>
      <UnitQty>מיליליטרים</UnitQty>
      <Quantity>400.00</Quantity>
      <bIsWeighted>0</bIsWeighted>
      <UnitOfMeasure>100 מ"ל</UnitOfMeasure>
      <QtyInPackage>0</QtyInPackage>
      <ItemPrice>21.80</ItemPrice>
      <UnitOfMeasurePrice>5.45</UnitOfMeasurePrice>
      <AllowDiscount>1</AllowDiscount>
      <ItemStatus>1</ItemStatus>
    </Item>
    <Item>
      <PriceUpdateDate>2016-03-18 00:05</PriceUpdateDate>
      <ItemCode>7290003521203</ItemCode>
      <ItemType>1</ItemType>
      <ItemName>סרקל שמפו ללא דמעות 2 ל'</ItemName>
      <ManufacturerName>פישר  מעבדות  פרמצבטיות</ManufacturerName>
      <ManufactureCountry>IL</ManufactureCountry>
      <ManufacturerItemDescription>סרקל שמפו לילדים</ManufacturerItemDescription>
      <UnitQty>ליטרים</UnitQty>
      <Quantity>2.00</Quantity>
      <bIsWeighted>0</bIsWeighted>
      <UnitOfMeasure>ליטר</UnitOfMeasure>
      <QtyInPackage>0</QtyInPackage>
      <ItemPrice>39.60</ItemPrice>
      <UnitOfMeasurePrice>19.80</UnitOfMeasurePrice>
      <AllowDiscount>1</AllowDiscount>
      <ItemStatus>0</ItemStatus>
    </Item>
    <Item>
      <PriceUpdateDate>2016-03-18 00:05</PriceUpdateDate>
      <ItemCode>7290003521210</ItemCode>
      <ItemType>1</ItemType>
      <ItemName>סרקל מרכך לילדים 2 ליטר</ItemName>
      <ManufacturerName>פישר  מעבדות  פרמצבטיות</ManufacturerName>
      <ManufactureCountry>IL</ManufactureCountry>
      <ManufacturerItemDescription>סרקל מרכך לילדים 2 ליטר</ManufacturerItemDescription>
      <UnitQty>ליטרים</UnitQty>
      <Quantity>2.00</Quantity>
      <bIsWeighted>0</bIsWeighted>
      <UnitOfMeasure>ליטר</UnitOfMeasure>
      <QtyInPackage>0</QtyInPackage>
      <ItemPrice>39.60</ItemPrice>
      <UnitOfMeasurePrice>19.80</UnitOfMeasurePrice>
      <AllowDiscount>1</AllowDiscount>
      <ItemStatus>0</ItemStatus>
    </Item>
    <Item>
      <PriceUpdateDate>2016-03-18 00:05</PriceUpdateDate>
      <ItemCode>7290003539123</ItemCode>
      <ItemType>1</ItemType>
      <ItemName>פפאיה יבשה 200גרם שקדיה</ItemName>
      <ManufacturerName>שקדיה</ManufacturerName>
      <ManufactureCountry>IL</ManufactureCountry>
      <ManufacturerItemDescription>פפאיה יבשה 200ג</ManufacturerItemDescription>
      <UnitQty>גרמים</UnitQty>
      <Quantity>200.00</Quantity>
      <bIsWeighted>0</bIsWeighted>
      <UnitOfMeasure>100 גרם</UnitOfMeasure>
      <QtyInPackage>0</QtyInPackage>
      <ItemPrice>13.80</ItemPrice>
      <UnitOfMeasurePrice>6.90</UnitOfMeasurePrice>
      <AllowDiscount>1</AllowDiscount>
      <ItemStatus>0</ItemStatus>
    </Item>
    <Item>
      <PriceUpdateDate>2016-03-18 00:05</PriceUpdateDate>
      <ItemCode>7290004030049</ItemCode>
      <ItemType>1</ItemType>
      <ItemName>מיץ פומלית סחוט100% טבעי</ItemName>
      <ManufacturerName>פרי ניב</ManufacturerName>
      <ManufactureCountry>IL</ManufactureCountry>
      <ManufacturerItemDescription>מיץ פומלית</ManufacturerItemDescription>
      <UnitQty>ליטרים</UnitQty>
      <Quantity>1.00</Quantity>
      <bIsWeighted>0</bIsWeighted>
      <UnitOfMeasure>ליטר</UnitOfMeasure>
      <QtyInPackage>0</QtyInPackage>
      <ItemPrice>17.50</ItemPrice>
      <UnitOfMeasurePrice>17.50</UnitOfMeasurePrice>
      <AllowDiscount>1</AllowDiscount>
      <ItemStatus>1</ItemStatus>
    </Item>
    <Item>
      <PriceUpdateDate>2016-03-18 00:05</PriceUpdateDate>
      <ItemCode>7290004030650</ItemCode>
      <ItemType>1</ItemType>
      <ItemName>מיץ מנגו פסיפלור</ItemName>
      <ManufacturerName />
      <ManufactureCountry>IL</ManufactureCountry>
      <ManufacturerItemDescription>מיץ מנגו פסיפלור</ManufacturerItemDescription>
      <UnitQty>ליטרים</UnitQty>
      <Quantity>2.00</Quantity>
      <bIsWeighted>0</bIsWeighted>
      <UnitOfMeasure>ליטר</UnitOfMeasure>
      <QtyInPackage>0</QtyInPackage>
      <ItemPrice>17.90</ItemPrice>
      <UnitOfMeasurePrice>8.95</UnitOfMeasurePrice>
      <AllowDiscount>1</AllowDiscount>
      <ItemStatus>1</ItemStatus>
    </Item>
    <Item>
      <PriceUpdateDate>2016-03-18 00:05</PriceUpdateDate>
      <ItemCode>7290004038687</ItemCode>
      <ItemType>1</ItemType>
      <ItemName>לחמניה שום</ItemName>
      <ManufacturerName>גידרון</ManufacturerName>
      <ManufactureCountry>IL</ManufactureCountry>
      <ManufacturerItemDescription>לחמניה שום</ManufacturerItemDescription>
      <UnitQty>יחידה</UnitQty>
      <Quantity>1.00</Quantity>
      <bIsWeighted>0</bIsWeighted>
      <UnitOfMeasure>יחידה</UnitOfMeasure>
      <QtyInPackage>50</QtyInPackage>
      <ItemPrice>2.90</ItemPrice>
      <UnitOfMeasurePrice>2.90</UnitOfMeasurePrice>
      <AllowDiscount>1</AllowDiscount>
      <ItemStatus>1</ItemStatus>
    </Item>
    <Item>
      <PriceUpdateDate>2016-03-18 00:05</PriceUpdateDate>
      <ItemCode>7290004063207</ItemCode>
      <ItemType>1</ItemType>
      <ItemName>תערובת תיבול טוסקנה600ג</ItemName>
      <ManufacturerName>תעשיות מלח לישראל</ManufacturerName>
      <ManufactureCountry>IL</ManufactureCountry>
      <ManufacturerItemDescription>תיבול טוסקנה</ManufacturerItemDescription>
      <UnitQty>גרמים</UnitQty>
      <Quantity>600.00</Quantity>
      <bIsWeighted>0</bIsWeighted>
      <UnitOfMeasure>100 גרם</UnitOfMeasure>
      <QtyInPackage>0</QtyInPackage>
      <ItemPrice>13.80</ItemPrice>
      <UnitOfMeasurePrice>2.30</UnitOfMeasurePrice>
      <AllowDiscount>1</AllowDiscount>
      <ItemStatus>0</ItemStatus>
    </Item>
    <Item>
      <PriceUpdateDate>2016-03-18 00:06</PriceUpdateDate>
      <ItemCode>7290004136222</ItemCode>
      <ItemType>1</ItemType>
      <ItemName>שוקו בקבוק 250*6 מ"ל</ItemName>
      <ManufacturerName>תנובה</ManufacturerName>
      <ManufactureCountry>IL</ManufactureCountry>
      <ManufacturerItemDescription>שוקו בקבוק 6 יח'</ManufacturerItemDescription>
      <UnitQty>ליטרים</UnitQty>
      <Quantity>1.50</Quantity>
      <bIsWeighted>0</bIsWeighted>
      <UnitOfMeasure>ליטר</UnitOfMeasure>
      <QtyInPackage>0</QtyInPackage>
      <ItemPrice>25.70</ItemPrice>
      <UnitOfMeasurePrice>17.13</UnitOfMeasurePrice>
      <AllowDiscount>1</AllowDiscount>
      <ItemStatus>0</ItemStatus>
    </Item>
    <Item>
      <PriceUpdateDate>2016-03-18 00:05</PriceUpdateDate>
      <ItemCode>7290004233372</ItemCode>
      <ItemType>1</ItemType>
      <ItemName>עוגיות שטרודל בו</ItemName>
      <ManufacturerName />
      <ManufactureCountry />
      <ManufacturerItemDescription>עוגיות שטרודל בו</ManufacturerItemDescription>
      <UnitQty>קילוגרמים</UnitQty>
      <Quantity>0.00</Quantity>
      <bIsWeighted>1</bIsWeighted>
      <UnitOfMeasure>ק"ג</UnitOfMeasure>
      <QtyInPackage>0</QtyInPackage>
      <ItemPrice>30.00</ItemPrice>
      <UnitOfMeasurePrice>30.00</UnitOfMeasurePrice>
      <AllowDiscount>1</AllowDiscount>
      <ItemStatus>0</ItemStatus>
    </Item>
    <Item>
      <PriceUpdateDate>2016-03-18 00:05</PriceUpdateDate>
      <ItemCode>7290004502614</ItemCode>
      <ItemType>1</ItemType>
      <ItemName>ליקר סאוטרן</ItemName>
      <ManufacturerName />
      <ManufactureCountry>US</ManufactureCountry>
      <ManufacturerItemDescription>ליקר סאוטרן</ManufacturerItemDescription>
      <UnitQty>מיליליטרים</UnitQty>
      <Quantity>700.00</Quantity>
      <bIsWeighted>0</bIsWeighted>
      <UnitOfMeasure>100 מ"ל</UnitOfMeasure>
      <QtyInPackage>0</QtyInPackage>
      <ItemPrice>118.90</ItemPrice>
      <UnitOfMeasurePrice>16.99</UnitOfMeasurePrice>
      <AllowDiscount>1</AllowDiscount>
      <ItemStatus>1</ItemStatus>
    </Item>
    <Item>
      <PriceUpdateDate>2016-03-18 00:05</PriceUpdateDate>
      <ItemCode>7290006342553</ItemCode>
      <ItemType>1</ItemType>
      <ItemName>'קבוקים 200גרם יח</ItemName>
      <ManufacturerName>דין שיווק</ManufacturerName>
      <ManufactureCountry>IL</ManufactureCountry>
      <ManufacturerItemDescription>'קבוקים 200גרם יח</ManufacturerItemDescription>
      <UnitQty>גרמים</UnitQty>
      <Quantity>200.00</Quantity>
      <bIsWeighted>0</bIsWeighted>
      <UnitOfMeasure>100 גרם</UnitOfMeasure>
      <QtyInPackage>0</QtyInPackage>
      <ItemPrice>5.00</ItemPrice>
      <UnitOfMeasurePrice>2.50</UnitOfMeasurePrice>
      <AllowDiscount>1</AllowDiscount>
      <ItemStatus>0</ItemStatus>
    </Item>
    <Item>
      <PriceUpdateDate>2016-03-18 00:05</PriceUpdateDate>
      <ItemCode>7290006494801</ItemCode>
      <ItemType>1</ItemType>
      <ItemName>ג'לי תות מרמולייט 17 גרם</ItemName>
      <ManufacturerName>אשבל</ManufacturerName>
      <ManufactureCountry>IL</ManufactureCountry>
      <ManufacturerItemDescription>ג'לי תות מרמוליט</ManufacturerItemDescription>
      <UnitQty>גרמים</UnitQty>
      <Quantity>17.00</Quantity>
      <bIsWeighted>0</bIsWeighted>
      <UnitOfMeasure>100 גרם</UnitOfMeasure>
      <QtyInPackage>0</QtyInPackage>
      <ItemPrice>5.90</ItemPrice>
      <UnitOfMeasurePrice>34.71</UnitOfMeasurePrice>
      <AllowDiscount>1</AllowDiscount>
      <ItemStatus>0</ItemStatus>
    </Item>
    <Item>
      <PriceUpdateDate>2016-03-18 00:05</PriceUpdateDate>
      <ItemCode>7290006651389</ItemCode>
      <ItemType>1</ItemType>
      <ItemName>אל סבון קידס ד"ר פישר750</ItemName>
      <ManufacturerName>פישר  מעבדות  פרמצבטיות</ManufacturerName>
      <ManufactureCountry>IL</ManufactureCountry>
      <ManufacturerItemDescription>אל סבון קידס</ManufacturerItemDescription>
      <UnitQty>מיליליטרים</UnitQty>
      <Quantity>750.00</Quantity>
      <bIsWeighted>0</bIsWeighted>
      <UnitOfMeasure>100 מ"ל</UnitOfMeasure>
      <QtyInPackage>0</QtyInPackage>
      <ItemPrice>14.90</ItemPrice>
      <UnitOfMeasurePrice>1.99</UnitOfMeasurePrice>
      <AllowDiscount>1</AllowDiscount>
      <ItemStatus>0</ItemStatus>
    </Item>
    <Item>
      <PriceUpdateDate>2016-03-18 00:05</PriceUpdateDate>
      <ItemCode>7290006855183</ItemCode>
      <ItemType>1</ItemType>
      <ItemName>ברבריא תמרים+אגוזים30*4ג</ItemName>
      <ManufacturerName>טבעית מוצרים מן הטבע</ManufacturerName>
      <ManufactureCountry>IL</ManufactureCountry>
      <ManufacturerItemDescription>חטיפי ברבריא 4יח</ManufacturerItemDescription>
      <UnitQty>גרמים</UnitQty>
      <Quantity>120.00</Quantity>
      <bIsWeighted>0</bIsWeighted>
      <UnitOfMeasure>100 גרם</UnitOfMeasure>
      <QtyInPackage>0</QtyInPackage>
      <ItemPrice>19.70</ItemPrice>
      <UnitOfMeasurePrice>16.42</UnitOfMeasurePrice>
      <AllowDiscount>1</AllowDiscount>
      <ItemStatus>0</ItemStatus>
    </Item>
    <Item>
      <PriceUpdateDate>2016-03-18 00:05</PriceUpdateDate>
      <ItemCode>7290008747431</ItemCode>
      <ItemType>1</ItemType>
      <ItemName>שוקולד פרה במילוי תות50ג</ItemName>
      <ManufacturerName>עלית</ManufacturerName>
      <ManufactureCountry>IL</ManufactureCountry>
      <ManufacturerItemDescription>שוקולד פרה תות</ManufacturerItemDescription>
      <UnitQty>גרמים</UnitQty>
      <Quantity>50.00</Quantity>
      <bIsWeighted>0</bIsWeighted>
      <UnitOfMeasure>100 גרם</UnitOfMeasure>
      <QtyInPackage>0</QtyInPackage>
      <ItemPrice>3.90</ItemPrice>
      <UnitOfMeasurePrice>7.80</UnitOfMeasurePrice>
      <AllowDiscount>1</AllowDiscount>
      <ItemStatus>1</ItemStatus>
    </Item>
    <Item>
      <PriceUpdateDate>2016-03-18 00:06</PriceUpdateDate>
      <ItemCode>7290008849241</ItemCode>
      <ItemType>1</ItemType>
      <ItemName>רוטב שקשוקה חריפה 415גרם</ItemName>
      <ManufacturerName>אוליביה</ManufacturerName>
      <ManufactureCountry>IL</ManufactureCountry>
      <ManufacturerItemDescription>רוטב שקשוקה חריף</ManufacturerItemDescription>
      <UnitQty>גרמים</UnitQty>
      <Quantity>415.00</Quantity>
      <bIsWeighted>0</bIsWeighted>
      <UnitOfMeasure>100 גרם</UnitOfMeasure>
      <QtyInPackage>1</QtyInPackage>
      <ItemPrice>11.00</ItemPrice>
      <UnitOfMeasurePrice>2.65</UnitOfMeasurePrice>
      <AllowDiscount>1</AllowDiscount>
      <ItemStatus>0</ItemStatus>
    </Item>
    <Item>
      <PriceUpdateDate>2016-03-18 00:05</PriceUpdateDate>
      <ItemCode>7290009399486</ItemCode>
      <ItemType>0</ItemType>
      <ItemName>עוגיות לבבות שוקולד משקל</ItemName>
      <ManufacturerName>גידרון</ManufacturerName>
      <ManufactureCountry>IL</ManufactureCountry>
      <ManufacturerItemDescription>עוגיות לבבות</ManufacturerItemDescription>
      <UnitQty>קילוגרמים</UnitQty>
      <Quantity>0.00</Quantity>
      <bIsWeighted>1</bIsWeighted>
      <UnitOfMeasure>ק"ג</UnitOfMeasure>
      <QtyInPackage>0</QtyInPackage>
      <ItemPrice>35.00</ItemPrice>
      <UnitOfMeasurePrice>35.00</UnitOfMeasurePrice>
      <AllowDiscount>1</AllowDiscount>
      <ItemStatus>1</ItemStatus>
    </Item>
    <Item>
      <PriceUpdateDate>2016-03-18 00:05</PriceUpdateDate>
      <ItemCode>7290009950885</ItemCode>
      <ItemType>0</ItemType>
      <ItemName>מיני קרואסון חמאה יחידה</ItemName>
      <ManufacturerName>שופרסל</ManufacturerName>
      <ManufactureCountry>IL</ManufactureCountry>
      <ManufacturerItemDescription>מיני קרואסון חמאה יחידה</ManufacturerItemDescription>
      <UnitQty>יחידה</UnitQty>
      <Quantity>1.00</Quantity>
      <bIsWeighted>0</bIsWeighted>
      <UnitOfMeasure>יחידה</UnitOfMeasure>
      <QtyInPackage>0</QtyInPackage>
      <ItemPrice>1.40</ItemPrice>
      <UnitOfMeasurePrice>1.40</UnitOfMeasurePrice>
      <AllowDiscount>1</AllowDiscount>
      <ItemStatus>1</ItemStatus>
    </Item>
    <Item>
      <PriceUpdateDate>2016-03-18 00:05</PriceUpdateDate>
      <ItemCode>7290009951912</ItemCode>
      <ItemType>0</ItemType>
      <ItemName>מאפה מתוק משקל</ItemName>
      <ManufacturerName>גידרון</ManufacturerName>
      <ManufactureCountry>IL</ManufactureCountry>
      <ManufacturerItemDescription>מאפה מתוק משקל</ManufacturerItemDescription>
      <UnitQty>קילוגרמים</UnitQty>
      <Quantity>0.00</Quantity>
      <bIsWeighted>1</bIsWeighted>
      <UnitOfMeasure>ק"ג</UnitOfMeasure>
      <QtyInPackage>0</QtyInPackage>
      <ItemPrice>34.00</ItemPrice>
      <UnitOfMeasurePrice>34.00</UnitOfMeasurePrice>
      <AllowDiscount>1</AllowDiscount>
      <ItemStatus>0</ItemStatus>
    </Item>
    <Item>
      <PriceUpdateDate>2016-03-18 00:05</PriceUpdateDate>
      <ItemCode>7290010065721</ItemCode>
      <ItemType>1</ItemType>
      <ItemName>פרינוק מיחת</ItemName>
      <ManufacturerName />
      <ManufactureCountry />
      <ManufacturerItemDescription>פרינוק מיחת</ManufacturerItemDescription>
      <UnitQty>גרמים</UnitQty>
      <Quantity>130.00</Quantity>
      <bIsWeighted>0</bIsWeighted>
      <UnitOfMeasure>100 גרם</UnitOfMeasure>
      <QtyInPackage>0</QtyInPackage>
      <ItemPrice>4.80</ItemPrice>
      <UnitOfMeasurePrice>3.69</UnitOfMeasurePrice>
      <AllowDiscount>1</AllowDiscount>
      <ItemStatus>0</ItemStatus>
    </Item>
    <Item>
      <PriceUpdateDate>2016-03-18 00:06</PriceUpdateDate>
      <ItemCode>7290010129287</ItemCode>
      <ItemType>1</ItemType>
      <ItemName>עוגיות גרנולה 600 גרם</ItemName>
      <ManufacturerName>דולצ'ה ויטה</ManufacturerName>
      <ManufactureCountry>IL</ManufactureCountry>
      <ManufacturerItemDescription>עוגיות גרנולה</ManufacturerItemDescription>
      <UnitQty>גרמים</UnitQty>
      <Quantity>600.00</Quantity>
      <bIsWeighted>0</bIsWeighted>
      <UnitOfMeasure>100 גרם</UnitOfMeasure>
      <QtyInPackage>0</QtyInPackage>
      <ItemPrice>17.90</ItemPrice>
      <UnitOfMeasurePrice>2.98</UnitOfMeasurePrice>
      <AllowDiscount>1</AllowDiscount>
      <ItemStatus>0</ItemStatus>
    </Item>
    <Item>
      <PriceUpdateDate>2016-03-18 00:05</PriceUpdateDate>
      <ItemCode>7290010173044</ItemCode>
      <ItemType>1</ItemType>
      <ItemName>מרלו הרי גליל 750 מ"ל</ItemName>
      <ManufacturerName>יקב הרי גליל</ManufacturerName>
      <ManufactureCountry>IL</ManufactureCountry>
      <ManufacturerItemDescription>מרלו הרי גליל</ManufacturerItemDescription>
      <UnitQty>מיליליטרים</UnitQty>
      <Quantity>750.00</Quantity>
      <bIsWeighted>0</bIsWeighted>
      <UnitOfMeasure>100 מ"ל</UnitOfMeasure>
      <QtyInPackage>0</QtyInPackage>
      <ItemPrice>35.90</ItemPrice>
      <UnitOfMeasurePrice>4.79</UnitOfMeasurePrice>
      <AllowDiscount>1</AllowDiscount>
      <ItemStatus>1</ItemStatus>
    </Item>
    <Item>
      <PriceUpdateDate>2016-03-18 00:05</PriceUpdateDate>
      <ItemCode>7290010382835</ItemCode>
      <ItemType>1</ItemType>
      <ItemName>קרם לחות קליל-צבוע 400מל</ItemName>
      <ManufacturerName>קרליין</ManufacturerName>
      <ManufactureCountry>IL</ManufactureCountry>
      <ManufacturerItemDescription>קרם לחות לשיער</ManufacturerItemDescription>
      <UnitQty>מיליליטרים</UnitQty>
      <Quantity>400.00</Quantity>
      <bIsWeighted>0</bIsWeighted>
      <UnitOfMeasure>100 מ"ל</UnitOfMeasure>
      <QtyInPackage>0</QtyInPackage>
      <ItemPrice>19.90</ItemPrice>
      <UnitOfMeasurePrice>4.98</UnitOfMeasurePrice>
      <AllowDiscount>1</AllowDiscount>
      <ItemStatus>1</ItemStatus>
    </Item>
    <Item>
      <PriceUpdateDate>2016-03-18 00:05</PriceUpdateDate>
      <ItemCode>7290010582037</ItemCode>
      <ItemType>1</ItemType>
      <ItemName>פלפלון סוויט בייט יחידה</ItemName>
      <ManufacturerName>קטיף</ManufacturerName>
      <ManufactureCountry>IL</ManufactureCountry>
      <ManufacturerItemDescription>פלפלון סוויט</ManufacturerItemDescription>
      <UnitQty>יחידה</UnitQty>
      <Quantity>1.00</Quantity>
      <bIsWeighted>0</bIsWeighted>
      <UnitOfMeasure>יחידה</UnitOfMeasure>
      <QtyInPackage>0</QtyInPackage>
      <ItemPrice>7.90</ItemPrice>
      <UnitOfMeasurePrice>7.90</UnitOfMeasurePrice>
      <AllowDiscount>1</AllowDiscount>
      <ItemStatus>1</ItemStatus>
    </Item>
    <Item>
      <PriceUpdateDate>2016-03-18 00:05</PriceUpdateDate>
      <ItemCode>7290010617241</ItemCode>
      <ItemType>1</ItemType>
      <ItemName>מוצץ פרח זוג בינוני</ItemName>
      <ManufacturerName>אריסטוקרט</ManufacturerName>
      <ManufactureCountry>TH</ManufactureCountry>
      <ManufacturerItemDescription>מוצץ פרח זוג בינוני</ManufacturerItemDescription>
      <UnitQty>יחידה</UnitQty>
      <Quantity>1.00</Quantity>
      <bIsWeighted>0</bIsWeighted>
      <UnitOfMeasure>יחידה</UnitOfMeasure>
      <QtyInPackage>0</QtyInPackage>
      <ItemPrice>18.70</ItemPrice>
      <UnitOfMeasurePrice>18.70</UnitOfMeasurePrice>
      <AllowDiscount>1</AllowDiscount>
      <ItemStatus>0</ItemStatus>
    </Item>
    <Item>
      <PriceUpdateDate>2016-03-18 00:05</PriceUpdateDate>
      <ItemCode>7290010883356</ItemCode>
      <ItemType>1</ItemType>
      <ItemName>סנו סושי כפפות אלוורה XL</ItemName>
      <ManufacturerName>סנו</ManufacturerName>
      <ManufactureCountry>IL</ManufactureCountry>
      <ManufacturerItemDescription>סנו סושי כפפות</ManufacturerItemDescription>
      <UnitQty>יחידה</UnitQty>
      <Quantity>1.00</Quantity>
      <bIsWeighted>0</bIsWeighted>
      <UnitOfMeasure>יחידה</UnitOfMeasure>
      <QtyInPackage>0</QtyInPackage>
      <ItemPrice>10.40</ItemPrice>
      <UnitOfMeasurePrice>10.40</UnitOfMeasurePrice>
      <AllowDiscount>1</AllowDiscount>
      <ItemStatus>1</ItemStatus>
    </Item>
    <Item>
      <PriceUpdateDate>2016-03-18 00:06</PriceUpdateDate>
      <ItemCode>7290010984152</ItemCode>
      <ItemType>1</ItemType>
      <ItemName>עגבניות שרי מוחמצות320ג</ItemName>
      <ManufacturerName>כד בני דרום בע"מ</ManufacturerName>
      <ManufactureCountry>IL</ManufactureCountry>
      <ManufacturerItemDescription>עגבניות שרי</ManufacturerItemDescription>
      <UnitQty>גרמים</UnitQty>
      <Quantity>320.00</Quantity>
      <bIsWeighted>0</bIsWeighted>
      <UnitOfMeasure>100 גרם</UnitOfMeasure>
      <QtyInPackage>1</QtyInPackage>
      <ItemPrice>10.00</ItemPrice>
      <UnitOfMeasurePrice>3.13</UnitOfMeasurePrice>
      <AllowDiscount>1</AllowDiscount>
      <ItemStatus>0</ItemStatus>
    </Item>
    <Item>
      <PriceUpdateDate>2016-03-18 00:05</PriceUpdateDate>
      <ItemCode>7290011043292</ItemCode>
      <ItemType>1</ItemType>
      <ItemName>תבניות מאפינס</ItemName>
      <ManufacturerName />
      <ManufactureCountry>IL</ManufactureCountry>
      <ManufacturerItemDescription>תבניות מאפינס</ManufacturerItemDescription>
      <UnitQty>יחידה</UnitQty>
      <Quantity>1.00</Quantity>
      <bIsWeighted>0</bIsWeighted>
      <UnitOfMeasure>יחידה</UnitOfMeasure>
      <QtyInPackage>0</QtyInPackage>
      <ItemPrice>9.90</ItemPrice>
      <UnitOfMeasurePrice>9.90</UnitOfMeasurePrice>
      <AllowDiscount>1</AllowDiscount>
      <ItemStatus>1</ItemStatus>
    </Item>
    <Item>
      <PriceUpdateDate>2016-03-18 00:06</PriceUpdateDate>
      <ItemCode>7290011622398</ItemCode>
      <ItemType>1</ItemType>
      <ItemName>ראשונים דגנים לפעוט 200ג</ItemName>
      <ManufacturerName>אשבל</ManufacturerName>
      <ManufactureCountry>IL</ManufactureCountry>
      <ManufacturerItemDescription>דגני בוקר לפעוט</ManufacturerItemDescription>
      <UnitQty>גרמים</UnitQty>
      <Quantity>200.00</Quantity>
      <bIsWeighted>0</bIsWeighted>
      <UnitOfMeasure>100 גרם</UnitOfMeasure>
      <QtyInPackage>1</QtyInPackage>
      <ItemPrice>14.90</ItemPrice>
      <UnitOfMeasurePrice>7.45</UnitOfMeasurePrice>
      <AllowDiscount>1</AllowDiscount>
      <ItemStatus>1</ItemStatus>
    </Item>
    <Item>
      <PriceUpdateDate>2016-03-18 00:05</PriceUpdateDate>
      <ItemCode>7290011971632</ItemCode>
      <ItemType>1</ItemType>
      <ItemName>עגבניות מרוסקות</ItemName>
      <ManufacturerName />
      <ManufactureCountry>IL</ManufactureCountry>
      <ManufacturerItemDescription>עגבניות מרוסקות</ManufacturerItemDescription>
      <UnitQty>גרמים</UnitQty>
      <Quantity>600.00</Quantity>
      <bIsWeighted>0</bIsWeighted>
      <UnitOfMeasure>100 גרם</UnitOfMeasure>
      <QtyInPackage>0</QtyInPackage>
      <ItemPrice>16.40</ItemPrice>
      <UnitOfMeasurePrice>2.73</UnitOfMeasurePrice>
      <AllowDiscount>1</AllowDiscount>
      <ItemStatus>1</ItemStatus>
    </Item>
    <Item>
      <PriceUpdateDate>2016-03-18 00:05</PriceUpdateDate>
      <ItemCode>7290012193316</ItemCode>
      <ItemType>1</ItemType>
      <ItemName>אדג' ג'ל אולטימ.ירוק200מ</ItemName>
      <ManufacturerName>אנרג'ייזר</ManufacturerName>
      <ManufactureCountry>US</ManufactureCountry>
      <ManufacturerItemDescription>אדג' ג'ל גילוח</ManufacturerItemDescription>
      <UnitQty>מיליליטרים</UnitQty>
      <Quantity>200.00</Quantity>
      <bIsWeighted>0</bIsWeighted>
      <UnitOfMeasure>100 מ"ל</UnitOfMeasure>
      <QtyInPackage>0</QtyInPackage>
      <ItemPrice>17.90</ItemPrice>
      <UnitOfMeasurePrice>8.95</UnitOfMeasurePrice>
      <AllowDiscount>1</AllowDiscount>
      <ItemStatus>1</ItemStatus>
    </Item>
    <Item>
      <PriceUpdateDate>2016-03-18 00:05</PriceUpdateDate>
      <ItemCode>7290012227332</ItemCode>
      <ItemType>1</ItemType>
      <ItemName>בסיס לפיצה 1.2קג</ItemName>
      <ManufacturerName>זוגלובק</ManufacturerName>
      <ManufactureCountry>IL</ManufactureCountry>
      <ManufacturerItemDescription>בסיס לפיצה</ManufacturerItemDescription>
      <UnitQty>קילוגרמים</UnitQty>
      <Quantity>1.20</Quantity>
      <bIsWeighted>0</bIsWeighted>
      <UnitOfMeasure>ק"ג</UnitOfMeasure>
      <QtyInPackage>0</QtyInPackage>
      <ItemPrice>19.70</ItemPrice>
      <UnitOfMeasurePrice>16.42</UnitOfMeasurePrice>
      <AllowDiscount>1</AllowDiscount>
      <ItemStatus>0</ItemStatus>
    </Item>
    <Item>
      <PriceUpdateDate>2016-03-18 00:05</PriceUpdateDate>
      <ItemCode>7290012352027</ItemCode>
      <ItemType>1</ItemType>
      <ItemName>ק.לחות+שמן אגוז ברזיל400</ItemName>
      <ManufacturerName>דנאגיס</ManufacturerName>
      <ManufactureCountry>IL</ManufactureCountry>
      <ManufacturerItemDescription>קרם לחות נטורל</ManufacturerItemDescription>
      <UnitQty>מיליליטרים</UnitQty>
      <Quantity>400.00</Quantity>
      <bIsWeighted>0</bIsWeighted>
      <UnitOfMeasure>100 מ"ל</UnitOfMeasure>
      <QtyInPackage>0</QtyInPackage>
      <ItemPrice>21.70</ItemPrice>
      <UnitOfMeasurePrice>5.43</UnitOfMeasurePrice>
      <AllowDiscount>1</AllowDiscount>
      <ItemStatus>1</ItemStatus>
    </Item>
    <Item>
      <PriceUpdateDate>2016-03-18 00:05</PriceUpdateDate>
      <ItemCode>7290012823947</ItemCode>
      <ItemType>1</ItemType>
      <ItemName>מ.מקסימה פרפיום קריסט750</ItemName>
      <ManufacturerName>סנו</ManufacturerName>
      <ManufactureCountry>IL</ManufactureCountry>
      <ManufacturerItemDescription>מקסימה פרפיום</ManufacturerItemDescription>
      <UnitQty>מיליליטרים</UnitQty>
      <Quantity>750.00</Quantity>
      <bIsWeighted>0</bIsWeighted>
      <UnitOfMeasure>100 מ"ל</UnitOfMeasure>
      <QtyInPackage>0</QtyInPackage>
      <ItemPrice>16.90</ItemPrice>
      <UnitOfMeasurePrice>2.25</UnitOfMeasurePrice>
      <AllowDiscount>1</AllowDiscount>
      <ItemStatus>1</ItemStatus>
    </Item>
    <Item>
      <PriceUpdateDate>2016-03-18 00:05</PriceUpdateDate>
      <ItemCode>7290012850332</ItemCode>
      <ItemType>1</ItemType>
      <ItemName>וופלונים מקמח מלא 100 גר</ItemName>
      <ManufacturerName>נאופארם</ManufacturerName>
      <ManufactureCountry>IL</ManufactureCountry>
      <ManufacturerItemDescription>וופלונים קמח מלא</ManufacturerItemDescription>
      <UnitQty>גרמים</UnitQty>
      <Quantity>100.00</Quantity>
      <bIsWeighted>0</bIsWeighted>
      <UnitOfMeasure>100 גרם</UnitOfMeasure>
      <QtyInPackage>0</QtyInPackage>
      <ItemPrice>16.90</ItemPrice>
      <UnitOfMeasurePrice>16.90</UnitOfMeasurePrice>
      <AllowDiscount>1</AllowDiscount>
      <ItemStatus>0</ItemStatus>
    </Item>
    <Item>
      <PriceUpdateDate>2016-03-18 00:05</PriceUpdateDate>
      <ItemCode>7290012884979</ItemCode>
      <ItemType>1</ItemType>
      <ItemName>נקניקיות מן הצומח 900 גר</ItemName>
      <ManufacturerName>תפוגן</ManufacturerName>
      <ManufactureCountry>IL</ManufactureCountry>
      <ManufacturerItemDescription>נקניקיות מן הצומ</ManufacturerItemDescription>
      <UnitQty>גרמים</UnitQty>
      <Quantity>900.00</Quantity>
      <bIsWeighted>0</bIsWeighted>
      <UnitOfMeasure>100 גרם</UnitOfMeasure>
      <QtyInPackage>0</QtyInPackage>
      <ItemPrice>21.60</ItemPrice>
      <UnitOfMeasurePrice>2.40</UnitOfMeasurePrice>
      <AllowDiscount>1</AllowDiscount>
      <ItemStatus>1</ItemStatus>
    </Item>
    <Item>
      <PriceUpdateDate>2016-03-18 00:05</PriceUpdateDate>
      <ItemCode>7290012984419</ItemCode>
      <ItemType>1</ItemType>
      <ItemName>מאגדת אקסטרים שוקו וניל</ItemName>
      <ManufacturerName>נסטלה</ManufacturerName>
      <ManufactureCountry>IL</ManufactureCountry>
      <ManufacturerItemDescription>מאגדת אקסטרים שוקו וניל</ManufacturerItemDescription>
      <UnitQty>גרמים</UnitQty>
      <Quantity>6.00</Quantity>
      <bIsWeighted>0</bIsWeighted>
      <UnitOfMeasure>100 גרם</UnitOfMeasure>
      <QtyInPackage>0</QtyInPackage>
      <ItemPrice>33.90</ItemPrice>
      <UnitOfMeasurePrice>565.00</UnitOfMeasurePrice>
      <AllowDiscount>1</AllowDiscount>
      <ItemStatus>1</ItemStatus>
    </Item>
    <Item>
      <PriceUpdateDate>2016-03-18 00:05</PriceUpdateDate>
      <ItemCode>7290013068477</ItemCode>
      <ItemType>1</ItemType>
      <ItemName>סרדינים בשמן זית 120 גרם</ItemName>
      <ManufacturerName>סוסיאטה דמסה</ManufacturerName>
      <ManufactureCountry>MA</ManufactureCountry>
      <ManufacturerItemDescription>סרדינים בשמן זית</ManufacturerItemDescription>
      <UnitQty>גרמים</UnitQty>
      <Quantity>120.00</Quantity>
      <bIsWeighted>0</bIsWeighted>
      <UnitOfMeasure>100 גרם</UnitOfMeasure>
      <QtyInPackage>0</QtyInPackage>
      <ItemPrice>6.00</ItemPrice>
      <UnitOfMeasurePrice>5.00</UnitOfMeasurePrice>
      <AllowDiscount>1</AllowDiscount>
      <ItemStatus>0</ItemStatus>
    </Item>
    <Item>
      <PriceUpdateDate>2016-03-17 06:35</PriceUpdateDate>
      <ItemCode>7290013090805</ItemCode>
      <ItemType>1</ItemType>
      <ItemName>פול ירוק אורגני 500 גרם</ItemName>
      <ManufacturerName>.</ManufacturerName>
      <ManufactureCountry>IL</ManufactureCountry>
      <ManufacturerItemDescription>פול ירוק אורגני</ManufacturerItemDescription>
      <UnitQty>גרמים</UnitQty>
      <Quantity>500.00</Quantity>
      <bIsWeighted>0</bIsWeighted>
      <UnitOfMeasure>100 גרם</UnitOfMeasure>
      <QtyInPackage>1</QtyInPackage>
      <ItemPrice>14.90</ItemPrice>
      <UnitOfMeasurePrice>2.98</UnitOfMeasurePrice>
      <AllowDiscount>1</AllowDiscount>
      <ItemStatus>0</ItemStatus>
    </Item>
    <Item>
      <PriceUpdateDate>2016-03-18 00:05</PriceUpdateDate>
      <ItemCode>7290013095671</ItemCode>
      <ItemType>1</ItemType>
      <ItemName>ספרי רציף תחליבSPF45 200</ItemName>
      <ManufacturerName>פישר  מעבדות  פרמצבטיות</ManufacturerName>
      <ManufactureCountry />
      <ManufacturerItemDescription>אולטרסול ספריי</ManufacturerItemDescription>
      <UnitQty>מיליליטרים</UnitQty>
      <Quantity>200.00</Quantity>
      <bIsWeighted>0</bIsWeighted>
      <UnitOfMeasure>100 מ"ל</UnitOfMeasure>
      <QtyInPackage>0</QtyInPackage>
      <ItemPrice>89.90</ItemPrice>
      <UnitOfMeasurePrice>44.95</UnitOfMeasurePrice>
      <AllowDiscount>1</AllowDiscount>
      <ItemStatus>1</ItemStatus>
    </Item>
    <Item>
      <PriceUpdateDate>2016-03-18 00:05</PriceUpdateDate>
      <ItemCode>7290013145031</ItemCode>
      <ItemType>1</ItemType>
      <ItemName>ברס אגוז לוז מסוכר 100גר</ItemName>
      <ManufacturerName>א.ל ייצור ושיווק תבלינים</ManufacturerName>
      <ManufactureCountry>IL</ManufactureCountry>
      <ManufacturerItemDescription>ברס אגוזי לוז</ManufacturerItemDescription>
      <UnitQty>גרמים</UnitQty>
      <Quantity>100.00</Quantity>
      <bIsWeighted>0</bIsWeighted>
      <UnitOfMeasure>100 גרם</UnitOfMeasure>
      <QtyInPackage>0</QtyInPackage>
      <ItemPrice>12.70</ItemPrice>
      <UnitOfMeasurePrice>12.70</UnitOfMeasurePrice>
      <AllowDiscount>1</AllowDiscount>
      <ItemStatus>0</ItemStatus>
    </Item>
    <Item>
      <PriceUpdateDate>2016-03-18 00:05</PriceUpdateDate>
      <ItemCode>7290013145161</ItemCode>
      <ItemType>1</ItemType>
      <ItemName>פקאן מסוכר 100 גרם</ItemName>
      <ManufacturerName>א.ל ייצור ושיווק תבלינים</ManufacturerName>
      <ManufactureCountry>IL</ManufactureCountry>
      <ManufacturerItemDescription>פקאן מסוכר</ManufacturerItemDescription>
      <UnitQty>גרמים</UnitQty>
      <Quantity>100.00</Quantity>
      <bIsWeighted>0</bIsWeighted>
      <UnitOfMeasure>100 גרם</UnitOfMeasure>
      <QtyInPackage>0</QtyInPackage>
      <ItemPrice>16.00</ItemPrice>
      <UnitOfMeasurePrice>16.00</UnitOfMeasurePrice>
      <AllowDiscount>1</AllowDiscount>
      <ItemStatus>1</ItemStatus>
    </Item>
    <Item>
      <PriceUpdateDate>2016-03-18 00:05</PriceUpdateDate>
      <ItemCode>7290013145680</ItemCode>
      <ItemType>1</ItemType>
      <ItemName>קמח שמרים פיצה ופוקצה1ק</ItemName>
      <ManufacturerName>א.ל ייצור ושיווק תבלינים</ManufacturerName>
      <ManufactureCountry>IL</ManufactureCountry>
      <ManufacturerItemDescription>קמח שמרים</ManufacturerItemDescription>
      <UnitQty>קילוגרמים</UnitQty>
      <Quantity>1.00</Quantity>
      <bIsWeighted>0</bIsWeighted>
      <UnitOfMeasure>ק"ג</UnitOfMeasure>
      <QtyInPackage>1</QtyInPackage>
      <ItemPrice>9.80</ItemPrice>
      <UnitOfMeasurePrice>9.80</UnitOfMeasurePrice>
      <AllowDiscount>1</AllowDiscount>
      <ItemStatus>1</ItemStatus>
    </Item>
    <Item>
      <PriceUpdateDate>2016-03-17 19:11</PriceUpdateDate>
      <ItemCode>7290013261014</ItemCode>
      <ItemType>1</ItemType>
      <ItemName>סן פולין 200 גרם</ItemName>
      <ManufacturerName>מאיטרס לאיטרס</ManufacturerName>
      <ManufactureCountry>FR</ManufactureCountry>
      <ManufacturerItemDescription>סן פולין</ManufacturerItemDescription>
      <UnitQty>גרמים</UnitQty>
      <Quantity>200.00</Quantity>
      <bIsWeighted>0</bIsWeighted>
      <UnitOfMeasure>100 גרם</UnitOfMeasure>
      <QtyInPackage>1</QtyInPackage>
      <ItemPrice>15.90</ItemPrice>
      <UnitOfMeasurePrice>7.95</UnitOfMeasurePrice>
      <AllowDiscount>1</AllowDiscount>
      <ItemStatus>0</ItemStatus>
    </Item>
    <Item>
      <PriceUpdateDate>2016-03-18 00:06</PriceUpdateDate>
      <ItemCode>7290013283177</ItemCode>
      <ItemType>1</ItemType>
      <ItemName>סבון ידיים סנט מוריץ 1 ל</ItemName>
      <ManufacturerName>קומפלקס כימיקלים</ManufacturerName>
      <ManufactureCountry>IL</ManufactureCountry>
      <ManufacturerItemDescription>סבון ידיים נוזלי</ManufacturerItemDescription>
      <UnitQty>ליטרים</UnitQty>
      <Quantity>1.00</Quantity>
      <bIsWeighted>0</bIsWeighted>
      <UnitOfMeasure>ליטר</UnitOfMeasure>
      <QtyInPackage>1</QtyInPackage>
      <ItemPrice>8.90</ItemPrice>
      <UnitOfMeasurePrice>8.90</UnitOfMeasurePrice>
      <AllowDiscount>1</AllowDiscount>
      <ItemStatus>1</ItemStatus>
    </Item>
    <Item>
      <PriceUpdateDate>2016-03-18 00:05</PriceUpdateDate>
      <ItemCode>7290013284716</ItemCode>
      <ItemType>1</ItemType>
      <ItemName>רוטב נפוליטנה 380 גרם</ItemName>
      <ManufacturerName>פרי ניר</ManufacturerName>
      <ManufactureCountry>IL</ManufactureCountry>
      <ManufacturerItemDescription>רוטב נפוליטנה</ManufacturerItemDescription>
      <UnitQty>גרמים</UnitQty>
      <Quantity>380.00</Quantity>
      <bIsWeighted>0</bIsWeighted>
      <UnitOfMeasure>100 גרם</UnitOfMeasure>
      <QtyInPackage>1</QtyInPackage>
      <ItemPrice>7.80</ItemPrice>
      <UnitOfMeasurePrice>2.05</UnitOfMeasurePrice>
      <AllowDiscount>1</AllowDiscount>
      <ItemStatus>0</ItemStatus>
    </Item>
    <Item>
      <PriceUpdateDate>2016-03-18 00:05</PriceUpdateDate>
      <ItemCode>7290013284747</ItemCode>
      <ItemType>1</ItemType>
      <ItemName>מטבל סלסה 380 גרם</ItemName>
      <ManufacturerName>פרי ניר</ManufacturerName>
      <ManufactureCountry>IL</ManufactureCountry>
      <ManufacturerItemDescription>מטבל סלסה</ManufacturerItemDescription>
      <UnitQty>גרמים</UnitQty>
      <Quantity>380.00</Quantity>
      <bIsWeighted>0</bIsWeighted>
      <UnitOfMeasure>100 גרם</UnitOfMeasure>
      <QtyInPackage>1</QtyInPackage>
      <ItemPrice>7.80</ItemPrice>
      <UnitOfMeasurePrice>2.05</UnitOfMeasurePrice>
      <AllowDiscount>1</AllowDiscount>
      <ItemStatus>0</ItemStatus>
    </Item>
    <Item>
      <PriceUpdateDate>2016-03-18 00:05</PriceUpdateDate>
      <ItemCode>7290013521491</ItemCode>
      <ItemType>1</ItemType>
      <ItemName>קטשופ אורגני</ItemName>
      <ManufacturerName />
      <ManufactureCountry>US</ManufactureCountry>
      <ManufacturerItemDescription>קטשופ אורגני</ManufacturerItemDescription>
      <UnitQty>גרמים</UnitQty>
      <Quantity>568.00</Quantity>
      <bIsWeighted>0</bIsWeighted>
      <UnitOfMeasure>100 גרם</UnitOfMeasure>
      <QtyInPackage>0</QtyInPackage>
      <ItemPrice>18.70</ItemPrice>
      <UnitOfMeasurePrice>3.29</UnitOfMeasurePrice>
      <AllowDiscount>1</AllowDiscount>
      <ItemStatus>1</ItemStatus>
    </Item>
    <Item>
      <PriceUpdateDate>2016-03-18 00:05</PriceUpdateDate>
      <ItemCode>7290013652980</ItemCode>
      <ItemType>1</ItemType>
      <ItemName>ק.גוף נטורל קר יבש מא450</ItemName>
      <ManufacturerName>פישר  מעבדות  פרמצבטיות</ManufacturerName>
      <ManufactureCountry />
      <ManufacturerItemDescription>קרם גוף נטורל קר</ManufacturerItemDescription>
      <UnitQty>מיליליטרים</UnitQty>
      <Quantity>450.00</Quantity>
      <bIsWeighted>0</bIsWeighted>
      <UnitOfMeasure>100 מ"ל</UnitOfMeasure>
      <QtyInPackage>0</QtyInPackage>
      <ItemPrice>23.70</ItemPrice>
      <UnitOfMeasurePrice>5.27</UnitOfMeasurePrice>
      <AllowDiscount>1</AllowDiscount>
      <ItemStatus>1</ItemStatus>
    </Item>
    <Item>
      <PriceUpdateDate>2016-03-18 00:05</PriceUpdateDate>
      <ItemCode>7290013904683</ItemCode>
      <ItemType>1</ItemType>
      <ItemName>נודלס עם בקר וירקות 250ג</ItemName>
      <ManufacturerName>מבושלת</ManufacturerName>
      <ManufactureCountry>IL</ManufactureCountry>
      <ManufacturerItemDescription>נודלס עם בקר וירקות 250ג</ManufacturerItemDescription>
      <UnitQty>גרמים</UnitQty>
      <Quantity>250.00</Quantity>
      <bIsWeighted>0</bIsWeighted>
      <UnitOfMeasure>100 גרם</UnitOfMeasure>
      <QtyInPackage>0</QtyInPackage>
      <ItemPrice>24.00</ItemPrice>
      <UnitOfMeasurePrice>9.60</UnitOfMeasurePrice>
      <AllowDiscount>1</AllowDiscount>
      <ItemStatus>1</ItemStatus>
    </Item>
    <Item>
      <PriceUpdateDate>2016-03-18 00:05</PriceUpdateDate>
      <ItemCode>7290014016040</ItemCode>
      <ItemType>1</ItemType>
      <ItemName>לחם רך במיוחד 450 גרם</ItemName>
      <ManufacturerName />
      <ManufactureCountry>IL</ManufactureCountry>
      <ManufacturerItemDescription>לחם רך במיוחד 450 גרם</ManufacturerItemDescription>
      <UnitQty>גרמים</UnitQty>
      <Quantity>450.00</Quantity>
      <bIsWeighted>0</bIsWeighted>
      <UnitOfMeasure>100 גרם</UnitOfMeasure>
      <QtyInPackage>0</QtyInPackage>
      <ItemPrice>19.50</ItemPrice>
      <UnitOfMeasurePrice>4.33</UnitOfMeasurePrice>
      <AllowDiscount>1</AllowDiscount>
      <ItemStatus>0</ItemStatus>
    </Item>
    <Item>
      <PriceUpdateDate>2016-03-18 00:05</PriceUpdateDate>
      <ItemCode>7290014126725</ItemCode>
      <ItemType>1</ItemType>
      <ItemName>עוג.שוקולד+קרם קוקוס180ג</ItemName>
      <ManufacturerName>TAGO</ManufacturerName>
      <ManufactureCountry>PL</ManufactureCountry>
      <ManufacturerItemDescription>עוגיות מואי</ManufacturerItemDescription>
      <UnitQty>גרמים</UnitQty>
      <Quantity>180.00</Quantity>
      <bIsWeighted>0</bIsWeighted>
      <UnitOfMeasure>100 גרם</UnitOfMeasure>
      <QtyInPackage>1</QtyInPackage>
      <ItemPrice>11.90</ItemPrice>
      <UnitOfMeasurePrice>6.61</UnitOfMeasurePrice>
      <AllowDiscount>1</AllowDiscount>
      <ItemStatus>1</ItemStatus>
    </Item>
    <Item>
      <PriceUpdateDate>2016-03-18 00:06</PriceUpdateDate>
      <ItemCode>7290014397712</ItemCode>
      <ItemType>1</ItemType>
      <ItemName>סנובון ג'ל בניחוח פריחה</ItemName>
      <ManufacturerName>סנו</ManufacturerName>
      <ManufactureCountry>IL</ManufactureCountry>
      <ManufacturerItemDescription>סנובון ג'ל לאסלה</ManufacturerItemDescription>
      <UnitQty>מיליליטרים</UnitQty>
      <Quantity>55.00</Quantity>
      <bIsWeighted>0</bIsWeighted>
      <UnitOfMeasure>100 מ"ל</UnitOfMeasure>
      <QtyInPackage>0</QtyInPackage>
      <ItemPrice>12.10</ItemPrice>
      <UnitOfMeasurePrice>22.00</UnitOfMeasurePrice>
      <AllowDiscount>1</AllowDiscount>
      <ItemStatus>0</ItemStatus>
    </Item>
    <Item>
      <PriceUpdateDate>2016-03-18 00:05</PriceUpdateDate>
      <ItemCode>7290014397835</ItemCode>
      <ItemType>1</ItemType>
      <ItemName>סנומט סמארט</ItemName>
      <ManufacturerName />
      <ManufactureCountry>IL</ManufactureCountry>
      <ManufacturerItemDescription>סנומט סמארט</ManufacturerItemDescription>
      <UnitQty>יחידה</UnitQty>
      <Quantity>1.00</Quantity>
      <bIsWeighted>0</bIsWeighted>
      <UnitOfMeasure>יחידה</UnitOfMeasure>
      <QtyInPackage>0</QtyInPackage>
      <ItemPrice>36.60</ItemPrice>
      <UnitOfMeasurePrice>36.60</UnitOfMeasurePrice>
      <AllowDiscount>1</AllowDiscount>
      <ItemStatus>1</ItemStatus>
    </Item>
    <Item>
      <PriceUpdateDate>2016-03-18 00:05</PriceUpdateDate>
      <ItemCode>7290014503144</ItemCode>
      <ItemType>1</ItemType>
      <ItemName>יובלים דלתון לבן 750מ"ל</ItemName>
      <ManufacturerName>יקב דלתון</ManufacturerName>
      <ManufactureCountry>IL</ManufactureCountry>
      <ManufacturerItemDescription>יין יובלים לבן</ManufacturerItemDescription>
      <UnitQty>מיליליטרים</UnitQty>
      <Quantity>750.00</Quantity>
      <bIsWeighted>0</bIsWeighted>
      <UnitOfMeasure>100 מ"ל</UnitOfMeasure>
      <QtyInPackage>0</QtyInPackage>
      <ItemPrice>42.50</ItemPrice>
      <UnitOfMeasurePrice>5.67</UnitOfMeasurePrice>
      <AllowDiscount>1</AllowDiscount>
      <ItemStatus>1</ItemStatus>
    </Item>
    <Item>
      <PriceUpdateDate>2016-03-18 00:06</PriceUpdateDate>
      <ItemCode>7290014747319</ItemCode>
      <ItemType>1</ItemType>
      <ItemName>שניצל עוף LOVE ללא אנטיב</ItemName>
      <ManufacturerName>אסם</ManufacturerName>
      <ManufactureCountry>IL</ManufactureCountry>
      <ManufacturerItemDescription>שניצל עוף LOVE</ManufacturerItemDescription>
      <UnitQty>גרמים</UnitQty>
      <Quantity>700.00</Quantity>
      <bIsWeighted>0</bIsWeighted>
      <UnitOfMeasure>100 גרם</UnitOfMeasure>
      <QtyInPackage>1</QtyInPackage>
      <ItemPrice>37.90</ItemPrice>
      <UnitOfMeasurePrice>5.41</UnitOfMeasurePrice>
      <AllowDiscount>1</AllowDiscount>
      <ItemStatus>1</ItemStatus>
    </Item>
    <Item>
      <PriceUpdateDate>2016-03-18 00:05</PriceUpdateDate>
      <ItemCode>7290014759992</ItemCode>
      <ItemType>1</ItemType>
      <ItemName>קולאז' רוקפור</ItemName>
      <ManufacturerName />
      <ManufactureCountry>IL</ManufactureCountry>
      <ManufacturerItemDescription>קולאז' רוקפור</ManufacturerItemDescription>
      <UnitQty>גרמים</UnitQty>
      <Quantity>140.00</Quantity>
      <bIsWeighted>0</bIsWeighted>
      <UnitOfMeasure>100 גרם</UnitOfMeasure>
      <QtyInPackage>0</QtyInPackage>
      <ItemPrice>17.10</ItemPrice>
      <UnitOfMeasurePrice>12.21</UnitOfMeasurePrice>
      <AllowDiscount>1</AllowDiscount>
      <ItemStatus>0</ItemStatus>
    </Item>
    <Item>
      <PriceUpdateDate>2016-03-18 00:05</PriceUpdateDate>
      <ItemCode>7290014762619</ItemCode>
      <ItemType>1</ItemType>
      <ItemName>פרוסות עמק 28% דובי200ג</ItemName>
      <ManufacturerName>תנובה</ManufacturerName>
      <ManufactureCountry>IL</ManufactureCountry>
      <ManufacturerItemDescription>פרוסות עמק 28%</ManufacturerItemDescription>
      <UnitQty>גרמים</UnitQty>
      <Quantity>200.00</Quantity>
      <bIsWeighted>0</bIsWeighted>
      <UnitOfMeasure>100 גרם</UnitOfMeasure>
      <QtyInPackage>1</QtyInPackage>
      <ItemPrice>15.20</ItemPrice>
      <UnitOfMeasurePrice>7.60</UnitOfMeasurePrice>
      <AllowDiscount>1</AllowDiscount>
      <ItemStatus>1</ItemStatus>
    </Item>
    <Item>
      <PriceUpdateDate>2016-03-18 00:05</PriceUpdateDate>
      <ItemCode>7290014949744</ItemCode>
      <ItemType>1</ItemType>
      <ItemName>אוטן טרופי ספריי 100 מ"ל</ItemName>
      <ManufacturerName>ג'ונסון</ManufacturerName>
      <ManufactureCountry>IL</ManufactureCountry>
      <ManufacturerItemDescription>אוטן ספריי</ManufacturerItemDescription>
      <UnitQty>מיליליטרים</UnitQty>
      <Quantity>100.00</Quantity>
      <bIsWeighted>0</bIsWeighted>
      <UnitOfMeasure>100 מ"ל</UnitOfMeasure>
      <QtyInPackage>0</QtyInPackage>
      <ItemPrice>19.70</ItemPrice>
      <UnitOfMeasurePrice>19.70</UnitOfMeasurePrice>
      <AllowDiscount>1</AllowDiscount>
      <ItemStatus>1</ItemStatus>
    </Item>
    <Item>
      <PriceUpdateDate>2016-03-18 00:05</PriceUpdateDate>
      <ItemCode>7290015150378</ItemCode>
      <ItemType>1</ItemType>
      <ItemName>תה קר אפרסק 20 שקיקים</ItemName>
      <ManufacturerName>ויסוצקי</ManufacturerName>
      <ManufactureCountry>IL</ManufactureCountry>
      <ManufacturerItemDescription>תה קר אפרסק</ManufacturerItemDescription>
      <UnitQty>גרמים</UnitQty>
      <Quantity>50.00</Quantity>
      <bIsWeighted>0</bIsWeighted>
      <UnitOfMeasure>100 גרם</UnitOfMeasure>
      <QtyInPackage>1</QtyInPackage>
      <ItemPrice>17.70</ItemPrice>
      <UnitOfMeasurePrice>35.40</UnitOfMeasurePrice>
      <AllowDiscount>1</AllowDiscount>
      <ItemStatus>1</ItemStatus>
    </Item>
    <Item>
      <PriceUpdateDate>2016-03-18 00:05</PriceUpdateDate>
      <ItemCode>7290015424097</ItemCode>
      <ItemType>1</ItemType>
      <ItemName>20פמינה יאנג טו גו פלופק</ItemName>
      <ManufacturerName>כצט</ManufacturerName>
      <ManufactureCountry>IL</ManufactureCountry>
      <ManufacturerItemDescription>20פמינה יאנג טו גו פלופק</ManufacturerItemDescription>
      <UnitQty>יחידה</UnitQty>
      <Quantity>1.00</Quantity>
      <bIsWeighted>0</bIsWeighted>
      <UnitOfMeasure>יחידה</UnitOfMeasure>
      <QtyInPackage>0</QtyInPackage>
      <ItemPrice>15.70</ItemPrice>
      <UnitOfMeasurePrice>15.70</UnitOfMeasurePrice>
      <AllowDiscount>1</AllowDiscount>
      <ItemStatus>1</ItemStatus>
    </Item>
    <Item>
      <PriceUpdateDate>2016-03-18 00:05</PriceUpdateDate>
      <ItemCode>7290015626095</ItemCode>
      <ItemType>1</ItemType>
      <ItemName>ערמונים קלויים 100גרם</ItemName>
      <ManufacturerName>טיאנגן יאנדו צ'סנאט פודס</ManufacturerName>
      <ManufactureCountry>CN</ManufactureCountry>
      <ManufacturerItemDescription>ערמונים קלויים</ManufacturerItemDescription>
      <UnitQty>גרמים</UnitQty>
      <Quantity>100.00</Quantity>
      <bIsWeighted>0</bIsWeighted>
      <UnitOfMeasure>100 גרם</UnitOfMeasure>
      <QtyInPackage>1</QtyInPackage>
      <ItemPrice>8.80</ItemPrice>
      <UnitOfMeasurePrice>8.80</UnitOfMeasurePrice>
      <AllowDiscount>1</AllowDiscount>
      <ItemStatus>0</ItemStatus>
    </Item>
    <Item>
      <PriceUpdateDate>2016-03-18 00:06</PriceUpdateDate>
      <ItemCode>7290015626606</ItemCode>
      <ItemType>1</ItemType>
      <ItemName>פלחי אננס מסוכרות  ירוק</ItemName>
      <ManufacturerName>ששון מלוינסקי</ManufacturerName>
      <ManufactureCountry>IL</ManufactureCountry>
      <ManufacturerItemDescription>פלחי אננס ירוק</ManufacturerItemDescription>
      <UnitQty>גרמים</UnitQty>
      <Quantity>200.00</Quantity>
      <bIsWeighted>0</bIsWeighted>
      <UnitOfMeasure>100 גרם</UnitOfMeasure>
      <QtyInPackage>1</QtyInPackage>
      <ItemPrice>10.00</ItemPrice>
      <UnitOfMeasurePrice>5.00</UnitOfMeasurePrice>
      <AllowDiscount>1</AllowDiscount>
      <ItemStatus>0</ItemStatus>
    </Item>
    <Item>
      <PriceUpdateDate>2016-03-18 00:05</PriceUpdateDate>
      <ItemCode>7290015848992</ItemCode>
      <ItemType>1</ItemType>
      <ItemName>אולטרסול ק.פנים קידSPF50</ItemName>
      <ManufacturerName>פישר  מעבדות  פרמצבטיות</ManufacturerName>
      <ManufactureCountry>IL</ManufactureCountry>
      <ManufacturerItemDescription>אולטרסול</ManufacturerItemDescription>
      <UnitQty>מיליליטרים</UnitQty>
      <Quantity>75.00</Quantity>
      <bIsWeighted>0</bIsWeighted>
      <UnitOfMeasure>100 מ"ל</UnitOfMeasure>
      <QtyInPackage>1</QtyInPackage>
      <ItemPrice>54.90</ItemPrice>
      <UnitOfMeasurePrice>73.20</UnitOfMeasurePrice>
      <AllowDiscount>1</AllowDiscount>
      <ItemStatus>1</ItemStatus>
    </Item>
    <Item>
      <PriceUpdateDate>2016-03-18 00:05</PriceUpdateDate>
      <ItemCode>7290100246634</ItemCode>
      <ItemType>1</ItemType>
      <ItemName>דאו.רקסונה סטיק כותנה50מ</ItemName>
      <ManufacturerName>יוניליוור</ManufacturerName>
      <ManufactureCountry>MX</ManufactureCountry>
      <ManufacturerItemDescription>דאודורנט רקסונה</ManufacturerItemDescription>
      <UnitQty>גרמים</UnitQty>
      <Quantity>50.00</Quantity>
      <bIsWeighted>0</bIsWeighted>
      <UnitOfMeasure>100 גרם</UnitOfMeasure>
      <QtyInPackage>0</QtyInPackage>
      <ItemPrice>22.60</ItemPrice>
      <UnitOfMeasurePrice>45.20</UnitOfMeasurePrice>
      <AllowDiscount>1</AllowDiscount>
      <ItemStatus>1</ItemStatus>
    </Item>
    <Item>
      <PriceUpdateDate>2016-03-18 00:05</PriceUpdateDate>
      <ItemCode>7290100613634</ItemCode>
      <ItemType>1</ItemType>
      <ItemName>שקד קלוי וממולח 200גרם</ItemName>
      <ManufacturerName>א.ע.ש. קליית ציון</ManufacturerName>
      <ManufactureCountry>IL</ManufactureCountry>
      <ManufacturerItemDescription>שקד קלוי וממולח</ManufacturerItemDescription>
      <UnitQty>גרמים</UnitQty>
      <Quantity>200.00</Quantity>
      <bIsWeighted>0</bIsWeighted>
      <UnitOfMeasure>100 גרם</UnitOfMeasure>
      <QtyInPackage>0</QtyInPackage>
      <ItemPrice>24.70</ItemPrice>
      <UnitOfMeasurePrice>12.35</UnitOfMeasurePrice>
      <AllowDiscount>1</AllowDiscount>
      <ItemStatus>0</ItemStatus>
    </Item>
    <Item>
      <PriceUpdateDate>2016-03-17 10:40</PriceUpdateDate>
      <ItemCode>7290100613771</ItemCode>
      <ItemType>1</ItemType>
      <ItemName>בוטן בקליפה קלוי 200גרם</ItemName>
      <ManufacturerName>א.ע.ש. קליית ציון</ManufacturerName>
      <ManufactureCountry>IL</ManufactureCountry>
      <ManufacturerItemDescription>בוטן בקליפה קלוי</ManufacturerItemDescription>
      <UnitQty>גרמים</UnitQty>
      <Quantity>200.00</Quantity>
      <bIsWeighted>0</bIsWeighted>
      <UnitOfMeasure>100 גרם</UnitOfMeasure>
      <QtyInPackage>1</QtyInPackage>
      <ItemPrice>8.90</ItemPrice>
      <UnitOfMeasurePrice>4.45</UnitOfMeasurePrice>
      <AllowDiscount>1</AllowDiscount>
      <ItemStatus>0</ItemStatus>
    </Item>
    <Item>
      <PriceUpdateDate>2016-03-18 00:05</PriceUpdateDate>
      <ItemCode>7290100926222</ItemCode>
      <ItemType>1</ItemType>
      <ItemName>סוד ג'ל כביסה</ItemName>
      <ManufacturerName />
      <ManufactureCountry>IL</ManufactureCountry>
      <ManufacturerItemDescription>סוד ג'ל כביסה</ManufacturerItemDescription>
      <UnitQty>ליטרים</UnitQty>
      <Quantity>3.00</Quantity>
      <bIsWeighted>0</bIsWeighted>
      <UnitOfMeasure>ליטר</UnitOfMeasure>
      <QtyInPackage>0</QtyInPackage>
      <ItemPrice>34.30</ItemPrice>
      <UnitOfMeasurePrice>11.43</UnitOfMeasurePrice>
      <AllowDiscount>1</AllowDiscount>
      <ItemStatus>0</ItemStatus>
    </Item>
    <Item>
      <PriceUpdateDate>2016-03-18 00:05</PriceUpdateDate>
      <ItemCode>7290102030330</ItemCode>
      <ItemType>1</ItemType>
      <ItemName>תפוצ'יפס מקסיקני 200 גרם</ItemName>
      <ManufacturerName>עלית</ManufacturerName>
      <ManufactureCountry>IL</ManufactureCountry>
      <ManufacturerItemDescription>תפוצ'יפס</ManufacturerItemDescription>
      <UnitQty>גרמים</UnitQty>
      <Quantity>200.00</Quantity>
      <bIsWeighted>0</bIsWeighted>
      <UnitOfMeasure>100 גרם</UnitOfMeasure>
      <QtyInPackage>0</QtyInPackage>
      <ItemPrice>10.00</ItemPrice>
      <UnitOfMeasurePrice>5.00</UnitOfMeasurePrice>
      <AllowDiscount>1</AllowDiscount>
      <ItemStatus>1</ItemStatus>
    </Item>
    <Item>
      <PriceUpdateDate>2016-03-18 00:06</PriceUpdateDate>
      <ItemCode>7290102397006</ItemCode>
      <ItemType>1</ItemType>
      <ItemName>חלב במתיקות מעודנת3% 1ל'</ItemName>
      <ManufacturerName>טרה</ManufacturerName>
      <ManufactureCountry>IL</ManufactureCountry>
      <ManufacturerItemDescription>חלב במתיקות 3%</ManufacturerItemDescription>
      <UnitQty>ליטרים</UnitQty>
      <Quantity>1.00</Quantity>
      <bIsWeighted>0</bIsWeighted>
      <UnitOfMeasure>ליטר</UnitOfMeasure>
      <QtyInPackage>1</QtyInPackage>
      <ItemPrice>7.50</ItemPrice>
      <UnitOfMeasurePrice>7.50</UnitOfMeasurePrice>
      <AllowDiscount>1</AllowDiscount>
      <ItemStatus>0</ItemStatus>
    </Item>
    <Item>
      <PriceUpdateDate>2016-03-18 00:05</PriceUpdateDate>
      <ItemCode>7290104962660</ItemCode>
      <ItemType>1</ItemType>
      <ItemName>דאו.נושם ללא אלומיניו150</ItemName>
      <ManufacturerName>קרליין</ManufacturerName>
      <ManufactureCountry>IL</ManufactureCountry>
      <ManufacturerItemDescription>ספריי נושם</ManufacturerItemDescription>
      <UnitQty>מיליליטרים</UnitQty>
      <Quantity>150.00</Quantity>
      <bIsWeighted>0</bIsWeighted>
      <UnitOfMeasure>100 מ"ל</UnitOfMeasure>
      <QtyInPackage>0</QtyInPackage>
      <ItemPrice>12.90</ItemPrice>
      <UnitOfMeasurePrice>8.60</UnitOfMeasurePrice>
      <AllowDiscount>1</AllowDiscount>
      <ItemStatus>1</ItemStatus>
    </Item>
    <Item>
      <PriceUpdateDate>2016-03-18 00:05</PriceUpdateDate>
      <ItemCode>7290105433978</ItemCode>
      <ItemType>1</ItemType>
      <ItemName>ליידי ספיד סטיק פטל 150</ItemName>
      <ManufacturerName>קולגייט-פלמוליב</ManufacturerName>
      <ManufactureCountry>IL</ManufactureCountry>
      <ManufacturerItemDescription>ליידי ספיד סטיק</ManufacturerItemDescription>
      <UnitQty>מיליליטרים</UnitQty>
      <Quantity>150.00</Quantity>
      <bIsWeighted>0</bIsWeighted>
      <UnitOfMeasure>100 מ"ל</UnitOfMeasure>
      <QtyInPackage>0</QtyInPackage>
      <ItemPrice>15.00</ItemPrice>
      <UnitOfMeasurePrice>10.00</UnitOfMeasurePrice>
      <AllowDiscount>1</AllowDiscount>
      <ItemStatus>1</ItemStatus>
    </Item>
    <Item>
      <PriceUpdateDate>2016-03-18 00:05</PriceUpdateDate>
      <ItemCode>7290105500236</ItemCode>
      <ItemType>1</ItemType>
      <ItemName>וויסקי ג'ק דניאל</ItemName>
      <ManufacturerName />
      <ManufactureCountry>US</ManufactureCountry>
      <ManufacturerItemDescription>וויסקי ג'ק דניאל</ManufacturerItemDescription>
      <UnitQty>מיליליטרים</UnitQty>
      <Quantity>700.00</Quantity>
      <bIsWeighted>0</bIsWeighted>
      <UnitOfMeasure>100 מ"ל</UnitOfMeasure>
      <QtyInPackage>0</QtyInPackage>
      <ItemPrice>114.90</ItemPrice>
      <UnitOfMeasurePrice>16.41</UnitOfMeasurePrice>
      <AllowDiscount>1</AllowDiscount>
      <ItemStatus>1</ItemStatus>
    </Item>
    <Item>
      <PriceUpdateDate>2016-03-18 00:05</PriceUpdateDate>
      <ItemCode>7290105691712</ItemCode>
      <ItemType>1</ItemType>
      <ItemName>עוגיות הפסקת קפה 230 גרם</ItemName>
      <ManufacturerName>אסם</ManufacturerName>
      <ManufactureCountry>IL</ManufactureCountry>
      <ManufacturerItemDescription>עוגיות הפסקת קפה</ManufacturerItemDescription>
      <UnitQty>גרמים</UnitQty>
      <Quantity>230.00</Quantity>
      <bIsWeighted>0</bIsWeighted>
      <UnitOfMeasure>100 גרם</UnitOfMeasure>
      <QtyInPackage>0</QtyInPackage>
      <ItemPrice>10.60</ItemPrice>
      <UnitOfMeasurePrice>4.61</UnitOfMeasurePrice>
      <AllowDiscount>1</AllowDiscount>
      <ItemStatus>0</ItemStatus>
    </Item>
    <Item>
      <PriceUpdateDate>2016-03-18 00:06</PriceUpdateDate>
      <ItemCode>7290106666122</ItemCode>
      <ItemType>1</ItemType>
      <ItemName>פריכיות מיני פיצה 45גרם</ItemName>
      <ManufacturerName>עלית</ManufacturerName>
      <ManufactureCountry>IL</ManufactureCountry>
      <ManufacturerItemDescription>פריכיות מיני</ManufacturerItemDescription>
      <UnitQty>גרמים</UnitQty>
      <Quantity>45.00</Quantity>
      <bIsWeighted>0</bIsWeighted>
      <UnitOfMeasure>100 גרם</UnitOfMeasure>
      <QtyInPackage>1</QtyInPackage>
      <ItemPrice>6.90</ItemPrice>
      <UnitOfMeasurePrice>15.33</UnitOfMeasurePrice>
      <AllowDiscount>1</AllowDiscount>
      <ItemStatus>0</ItemStatus>
    </Item>
    <Item>
      <PriceUpdateDate>2016-03-18 00:05</PriceUpdateDate>
      <ItemCode>7290107536059</ItemCode>
      <ItemType>1</ItemType>
      <ItemName>מארז גיפט קארד פח</ItemName>
      <ManufacturerName>.</ManufacturerName>
      <ManufactureCountry>IL</ManufactureCountry>
      <ManufacturerItemDescription>מארז גיפטקארד</ManufacturerItemDescription>
      <UnitQty>יחידה</UnitQty>
      <Quantity>1.00</Quantity>
      <bIsWeighted>0</bIsWeighted>
      <UnitOfMeasure>יחידה</UnitOfMeasure>
      <QtyInPackage>1</QtyInPackage>
      <ItemPrice>4.00</ItemPrice>
      <UnitOfMeasurePrice>4.00</UnitOfMeasurePrice>
      <AllowDiscount>1</AllowDiscount>
      <ItemStatus>1</ItemStatus>
    </Item>
    <Item>
      <PriceUpdateDate>2016-03-18 00:06</PriceUpdateDate>
      <ItemCode>7290107640435</ItemCode>
      <ItemType>1</ItemType>
      <ItemName>פינוק ת.רחצה לרעננות 700</ItemName>
      <ManufacturerName>יוניליוור</ManufacturerName>
      <ManufactureCountry>IL</ManufactureCountry>
      <ManufacturerItemDescription>תחליב רחצה פינוק</ManufacturerItemDescription>
      <UnitQty>מיליליטרים</UnitQty>
      <Quantity>700.00</Quantity>
      <bIsWeighted>0</bIsWeighted>
      <UnitOfMeasure>100 מ"ל</UnitOfMeasure>
      <QtyInPackage>1</QtyInPackage>
      <ItemPrice>10.00</ItemPrice>
      <UnitOfMeasurePrice>1.43</UnitOfMeasurePrice>
      <AllowDiscount>1</AllowDiscount>
      <ItemStatus>0</ItemStatus>
    </Item>
    <Item>
      <PriceUpdateDate>2016-03-18 00:06</PriceUpdateDate>
      <ItemCode>7290107641999</ItemCode>
      <ItemType>1</ItemType>
      <ItemName>נמס בכוס עגבניות חריף48ג</ItemName>
      <ManufacturerName>יוניליוור</ManufacturerName>
      <ManufactureCountry>IL</ManufactureCountry>
      <ManufacturerItemDescription>נמס בכוס</ManufacturerItemDescription>
      <UnitQty>גרמים</UnitQty>
      <Quantity>48.00</Quantity>
      <bIsWeighted>0</bIsWeighted>
      <UnitOfMeasure>100 גרם</UnitOfMeasure>
      <QtyInPackage>1</QtyInPackage>
      <ItemPrice>6.90</ItemPrice>
      <UnitOfMeasurePrice>14.38</UnitOfMeasurePrice>
      <AllowDiscount>1</AllowDiscount>
      <ItemStatus>1</ItemStatus>
    </Item>
    <Item>
      <PriceUpdateDate>2016-03-18 00:05</PriceUpdateDate>
      <ItemCode>7290107877145</ItemCode>
      <ItemType>1</ItemType>
      <ItemName>בייגלה שטוחים שוק.מריר50</ItemName>
      <ManufacturerName>אסם</ManufacturerName>
      <ManufactureCountry>IL</ManufactureCountry>
      <ManufacturerItemDescription>שטוחים מריר</ManufacturerItemDescription>
      <UnitQty>גרמים</UnitQty>
      <Quantity>50.00</Quantity>
      <bIsWeighted>0</bIsWeighted>
      <UnitOfMeasure>100 גרם</UnitOfMeasure>
      <QtyInPackage>1</QtyInPackage>
      <ItemPrice>6.40</ItemPrice>
      <UnitOfMeasurePrice>12.80</UnitOfMeasurePrice>
      <AllowDiscount>1</AllowDiscount>
      <ItemStatus>1</ItemStatus>
    </Item>
    <Item>
      <PriceUpdateDate>2016-03-18 00:05</PriceUpdateDate>
      <ItemCode>7290108350173</ItemCode>
      <ItemType>1</ItemType>
      <ItemName>אקו מגבות נייר 8 גלילים</ItemName>
      <ManufacturerName>סנו</ManufacturerName>
      <ManufactureCountry>IL</ManufactureCountry>
      <ManufacturerItemDescription>אקו מגבות נייר</ManufacturerItemDescription>
      <UnitQty>מטרים</UnitQty>
      <Quantity>84.00</Quantity>
      <bIsWeighted>0</bIsWeighted>
      <UnitOfMeasure>מטר</UnitOfMeasure>
      <QtyInPackage>1</QtyInPackage>
      <ItemPrice>12.90</ItemPrice>
      <UnitOfMeasurePrice>0.15</UnitOfMeasurePrice>
      <AllowDiscount>1</AllowDiscount>
      <ItemStatus>1</ItemStatus>
    </Item>
    <Item>
      <PriceUpdateDate>2016-03-18 00:05</PriceUpdateDate>
      <ItemCode>7296073001973</ItemCode>
      <ItemType>1</ItemType>
      <ItemName>נקטר מנגו שופרסל 1 ליטר</ItemName>
      <ManufacturerName>שופרסל</ManufacturerName>
      <ManufactureCountry>IL</ManufactureCountry>
      <ManufacturerItemDescription>נקטר מנגו</ManufacturerItemDescription>
      <UnitQty>ליטרים</UnitQty>
      <Quantity>1.00</Quantity>
      <bIsWeighted>0</bIsWeighted>
      <UnitOfMeasure>ליטר</UnitOfMeasure>
      <QtyInPackage>0</QtyInPackage>
      <ItemPrice>4.20</ItemPrice>
      <UnitOfMeasurePrice>4.20</UnitOfMeasurePrice>
      <AllowDiscount>1</AllowDiscount>
      <ItemStatus>1</ItemStatus>
    </Item>
    <Item>
      <PriceUpdateDate>2016-03-17 14:12</PriceUpdateDate>
      <ItemCode>7296073057604</ItemCode>
      <ItemType>1</ItemType>
      <ItemName>מפת שולחן דמוי בד זוג 2</ItemName>
      <ManufacturerName>שופרסל</ManufacturerName>
      <ManufactureCountry>IL</ManufactureCountry>
      <ManufacturerItemDescription>מפת שולחן זוג</ManufacturerItemDescription>
      <UnitQty>יחידה</UnitQty>
      <Quantity>1.00</Quantity>
      <bIsWeighted>0</bIsWeighted>
      <UnitOfMeasure>יחידה</UnitOfMeasure>
      <QtyInPackage>0</QtyInPackage>
      <ItemPrice>9.90</ItemPrice>
      <UnitOfMeasurePrice>9.90</UnitOfMeasurePrice>
      <AllowDiscount>1</AllowDiscount>
      <ItemStatus>1</ItemStatus>
    </Item>
    <Item>
      <PriceUpdateDate>2016-03-18 00:05</PriceUpdateDate>
      <ItemCode>7296073137535</ItemCode>
      <ItemType>1</ItemType>
      <ItemName>ספוג חבל + ידית שופרסל</ItemName>
      <ManufacturerName>שופרסל</ManufacturerName>
      <ManufactureCountry>CN</ManufactureCountry>
      <ManufacturerItemDescription>ספוג חבל + ידית</ManufacturerItemDescription>
      <UnitQty>יחידה</UnitQty>
      <Quantity>1.00</Quantity>
      <bIsWeighted>0</bIsWeighted>
      <UnitOfMeasure>יחידה</UnitOfMeasure>
      <QtyInPackage>0</QtyInPackage>
      <ItemPrice>11.80</ItemPrice>
      <UnitOfMeasurePrice>11.80</UnitOfMeasurePrice>
      <AllowDiscount>1</AllowDiscount>
      <ItemStatus>1</ItemStatus>
    </Item>
    <Item>
      <PriceUpdateDate>2016-03-18 00:05</PriceUpdateDate>
      <ItemCode>7296073188674</ItemCode>
      <ItemType>1</ItemType>
      <ItemName>חטיפי קרקר</ItemName>
      <ManufacturerName />
      <ManufactureCountry />
      <ManufacturerItemDescription>חטיפי קרקר</ManufacturerItemDescription>
      <UnitQty>גרמים</UnitQty>
      <Quantity>350.00</Quantity>
      <bIsWeighted>0</bIsWeighted>
      <UnitOfMeasure>100 גרם</UnitOfMeasure>
      <QtyInPackage>0</QtyInPackage>
      <ItemPrice>8.90</ItemPrice>
      <UnitOfMeasurePrice>2.54</UnitOfMeasurePrice>
      <AllowDiscount>1</AllowDiscount>
      <ItemStatus>0</ItemStatus>
    </Item>
    <Item>
      <PriceUpdateDate>2016-03-18 00:05</PriceUpdateDate>
      <ItemCode>7296073221661</ItemCode>
      <ItemType>1</ItemType>
      <ItemName>סוכריות לל"ס לימון 80גרם</ItemName>
      <ManufacturerName>טופגאם</ManufacturerName>
      <ManufactureCountry>IL</ManufactureCountry>
      <ManufacturerItemDescription>סוכריות ללא סוכר</ManufacturerItemDescription>
      <UnitQty>גרמים</UnitQty>
      <Quantity>80.00</Quantity>
      <bIsWeighted>0</bIsWeighted>
      <UnitOfMeasure>100 גרם</UnitOfMeasure>
      <QtyInPackage>0</QtyInPackage>
      <ItemPrice>5.90</ItemPrice>
      <UnitOfMeasurePrice>7.38</UnitOfMeasurePrice>
      <AllowDiscount>1</AllowDiscount>
      <ItemStatus>0</ItemStatus>
    </Item>
    <Item>
      <PriceUpdateDate>2016-03-17 08:58</PriceUpdateDate>
      <ItemCode>7296073225782</ItemCode>
      <ItemType>1</ItemType>
      <ItemName>פוקט טישיו 6 יח</ItemName>
      <ManufacturerName />
      <ManufactureCountry>IT</ManufactureCountry>
      <ManufacturerItemDescription>פוקט טישיו 6 יח</ManufacturerItemDescription>
      <UnitQty>יחידה</UnitQty>
      <Quantity>1.00</Quantity>
      <bIsWeighted>0</bIsWeighted>
      <UnitOfMeasure>יחידה</UnitOfMeasure>
      <QtyInPackage>0</QtyInPackage>
      <ItemPrice>7.90</ItemPrice>
      <UnitOfMeasurePrice>7.90</UnitOfMeasurePrice>
      <AllowDiscount>1</AllowDiscount>
      <ItemStatus>1</ItemStatus>
    </Item>
    <Item>
      <PriceUpdateDate>2016-03-18 00:05</PriceUpdateDate>
      <ItemCode>7296073236283</ItemCode>
      <ItemType>1</ItemType>
      <ItemName>פריכיות אורז מלא 264 גרם</ItemName>
      <ManufacturerName>קוזמטיק פלוס</ManufacturerName>
      <ManufactureCountry>YU</ManufactureCountry>
      <ManufacturerItemDescription>פריכיות אורז מלא</ManufacturerItemDescription>
      <UnitQty>גרמים</UnitQty>
      <Quantity>264.00</Quantity>
      <bIsWeighted>0</bIsWeighted>
      <UnitOfMeasure>100 גרם</UnitOfMeasure>
      <QtyInPackage>1</QtyInPackage>
      <ItemPrice>13.80</ItemPrice>
      <UnitOfMeasurePrice>5.23</UnitOfMeasurePrice>
      <AllowDiscount>1</AllowDiscount>
      <ItemStatus>0</ItemStatus>
    </Item>
    <Item>
      <PriceUpdateDate>2016-03-18 00:05</PriceUpdateDate>
      <ItemCode>7296073238119</ItemCode>
      <ItemType>1</ItemType>
      <ItemName>עוגיות ג'פונז שוקו 100גר</ItemName>
      <ManufacturerName>מידור</ManufacturerName>
      <ManufactureCountry>CH</ManufactureCountry>
      <ManufacturerItemDescription>עוגיות ג'פונז</ManufacturerItemDescription>
      <UnitQty>גרמים</UnitQty>
      <Quantity>100.00</Quantity>
      <bIsWeighted>0</bIsWeighted>
      <UnitOfMeasure>100 גרם</UnitOfMeasure>
      <QtyInPackage>1</QtyInPackage>
      <ItemPrice>11.90</ItemPrice>
      <UnitOfMeasurePrice>11.90</UnitOfMeasurePrice>
      <AllowDiscount>1</AllowDiscount>
      <ItemStatus>1</ItemStatus>
    </Item>
    <Item>
      <PriceUpdateDate>2016-03-18 00:05</PriceUpdateDate>
      <ItemCode>7332531041638</ItemCode>
      <ItemType>1</ItemType>
      <ItemName>גליס שמן מיליון גלוס75מל</ItemName>
      <ManufacturerName>הנקל סוד</ManufacturerName>
      <ManufactureCountry>DE</ManufactureCountry>
      <ManufacturerItemDescription>שמן לשיער גליס</ManufacturerItemDescription>
      <UnitQty>מיליליטרים</UnitQty>
      <Quantity>75.00</Quantity>
      <bIsWeighted>0</bIsWeighted>
      <UnitOfMeasure>100 מ"ל</UnitOfMeasure>
      <QtyInPackage>0</QtyInPackage>
      <ItemPrice>19.90</ItemPrice>
      <UnitOfMeasurePrice>26.53</UnitOfMeasurePrice>
      <AllowDiscount>1</AllowDiscount>
      <ItemStatus>1</ItemStatus>
    </Item>
    <Item>
      <PriceUpdateDate>2016-03-18 00:06</PriceUpdateDate>
      <ItemCode>7501013100037</ItemCode>
      <ItemType>1</ItemType>
      <ItemName>נקטר ג'ומקס מנגו 500 מ"ל</ItemName>
      <ManufacturerName>.</ManufacturerName>
      <ManufactureCountry>MX</ManufactureCountry>
      <ManufacturerItemDescription>ג'ומקס נקטר מנגו</ManufacturerItemDescription>
      <UnitQty>מיליליטרים</UnitQty>
      <Quantity>500.00</Quantity>
      <bIsWeighted>0</bIsWeighted>
      <UnitOfMeasure>100 מ"ל</UnitOfMeasure>
      <QtyInPackage>1</QtyInPackage>
      <ItemPrice>7.80</ItemPrice>
      <UnitOfMeasurePrice>1.56</UnitOfMeasurePrice>
      <AllowDiscount>1</AllowDiscount>
      <ItemStatus>0</ItemStatus>
    </Item>
    <Item>
      <PriceUpdateDate>2016-03-17 09:45</PriceUpdateDate>
      <ItemCode>7610400082532</ItemCode>
      <ItemType>1</ItemType>
      <ItemName>בונבו.לינדור וואיט200גרם</ItemName>
      <ManufacturerName>לינדט ושפרונגלי קילשברג</ManufacturerName>
      <ManufactureCountry>IT</ManufactureCountry>
      <ManufacturerItemDescription>בונבונירה לינדור</ManufacturerItemDescription>
      <UnitQty>גרמים</UnitQty>
      <Quantity>200.00</Quantity>
      <bIsWeighted>0</bIsWeighted>
      <UnitOfMeasure>100 גרם</UnitOfMeasure>
      <QtyInPackage>0</QtyInPackage>
      <ItemPrice>32.40</ItemPrice>
      <UnitOfMeasurePrice>16.20</UnitOfMeasurePrice>
      <AllowDiscount>1</AllowDiscount>
      <ItemStatus>1</ItemStatus>
    </Item>
    <Item>
      <PriceUpdateDate>2016-03-18 00:05</PriceUpdateDate>
      <ItemCode>7613033975554</ItemCode>
      <ItemType>1</ItemType>
      <ItemName>ביסקוויט מטרנה ט.טבעי180</ItemName>
      <ManufacturerName>נסטלה</ManufacturerName>
      <ManufactureCountry>IL</ManufactureCountry>
      <ManufacturerItemDescription>ביסקוויט מטרנה</ManufacturerItemDescription>
      <UnitQty>גרמים</UnitQty>
      <Quantity>180.00</Quantity>
      <bIsWeighted>0</bIsWeighted>
      <UnitOfMeasure>100 גרם</UnitOfMeasure>
      <QtyInPackage>0</QtyInPackage>
      <ItemPrice>13.90</ItemPrice>
      <UnitOfMeasurePrice>7.72</UnitOfMeasurePrice>
      <AllowDiscount>1</AllowDiscount>
      <ItemStatus>0</ItemStatus>
    </Item>
    <Item>
      <PriceUpdateDate>2016-03-18 00:05</PriceUpdateDate>
      <ItemCode>7702018010691</ItemCode>
      <ItemType>1</ItemType>
      <ItemName>4סכינ.פיוזן פרוגליד פאור</ItemName>
      <ManufacturerName>פרוקטר &amp; גמבל</ManufacturerName>
      <ManufactureCountry>DE</ManufactureCountry>
      <ManufacturerItemDescription>4סכינ.פיוזן פרוגליד פאור</ManufacturerItemDescription>
      <UnitQty>יחידה</UnitQty>
      <Quantity>1.00</Quantity>
      <bIsWeighted>0</bIsWeighted>
      <UnitOfMeasure>יחידה</UnitOfMeasure>
      <QtyInPackage>0</QtyInPackage>
      <ItemPrice>113.00</ItemPrice>
      <UnitOfMeasurePrice>113.00</UnitOfMeasurePrice>
      <AllowDiscount>1</AllowDiscount>
      <ItemStatus>1</ItemStatus>
    </Item>
    <Item>
      <PriceUpdateDate>2016-03-18 00:05</PriceUpdateDate>
      <ItemCode>7792798007547</ItemCode>
      <ItemType>1</ItemType>
      <ItemName>בירה קילמס 340 מ"ל</ItemName>
      <ManufacturerName>סירויזה קילמס</ManufacturerName>
      <ManufactureCountry>AR</ManufactureCountry>
      <ManufacturerItemDescription>בירה קילמס</ManufacturerItemDescription>
      <UnitQty>מיליליטרים</UnitQty>
      <Quantity>340.00</Quantity>
      <bIsWeighted>0</bIsWeighted>
      <UnitOfMeasure>100 מ"ל</UnitOfMeasure>
      <QtyInPackage>1</QtyInPackage>
      <ItemPrice>8.80</ItemPrice>
      <UnitOfMeasurePrice>2.59</UnitOfMeasurePrice>
      <AllowDiscount>1</AllowDiscount>
      <ItemStatus>0</ItemStatus>
    </Item>
    <Item>
      <PriceUpdateDate>2016-03-18 00:05</PriceUpdateDate>
      <ItemCode>77975091784</ItemCode>
      <ItemType>1</ItemType>
      <ItemName>טורטיות צ'יפס תירס צ354ג</ItemName>
      <ManufacturerName>סניידרס</ManufacturerName>
      <ManufactureCountry>US</ManufactureCountry>
      <ManufacturerItemDescription>טורטיות צ'יפס</ManufacturerItemDescription>
      <UnitQty>גרמים</UnitQty>
      <Quantity>354.00</Quantity>
      <bIsWeighted>0</bIsWeighted>
      <UnitOfMeasure>100 גרם</UnitOfMeasure>
      <QtyInPackage>1</QtyInPackage>
      <ItemPrice>15.90</ItemPrice>
      <UnitOfMeasurePrice>4.49</UnitOfMeasurePrice>
      <AllowDiscount>1</AllowDiscount>
      <ItemStatus>1</ItemStatus>
    </Item>
    <Item>
      <PriceUpdateDate>2016-03-18 00:06</PriceUpdateDate>
      <ItemCode>7891024030974</ItemCode>
      <ItemType>1</ItemType>
      <ItemName>משחת קולגייט טריפל אקש75</ItemName>
      <ManufacturerName>קולגייט-פלמוליב</ManufacturerName>
      <ManufactureCountry>PL</ManufactureCountry>
      <ManufacturerItemDescription>משחת שיניים</ManufacturerItemDescription>
      <UnitQty>מיליליטרים</UnitQty>
      <Quantity>75.00</Quantity>
      <bIsWeighted>0</bIsWeighted>
      <UnitOfMeasure>100 מ"ל</UnitOfMeasure>
      <QtyInPackage>1</QtyInPackage>
      <ItemPrice>7.90</ItemPrice>
      <UnitOfMeasurePrice>10.53</UnitOfMeasurePrice>
      <AllowDiscount>1</AllowDiscount>
      <ItemStatus>0</ItemStatus>
    </Item>
    <Item>
      <PriceUpdateDate>2016-03-18 00:05</PriceUpdateDate>
      <ItemCode>8000040001106</ItemCode>
      <ItemType>1</ItemType>
      <ItemName>קאמפרי ביטר</ItemName>
      <ManufacturerName />
      <ManufactureCountry>IT</ManufactureCountry>
      <ManufacturerItemDescription>קאמפרי ביטר</ManufacturerItemDescription>
      <UnitQty>מיליליטרים</UnitQty>
      <Quantity>700.00</Quantity>
      <bIsWeighted>0</bIsWeighted>
      <UnitOfMeasure>100 מ"ל</UnitOfMeasure>
      <QtyInPackage>0</QtyInPackage>
      <ItemPrice>99.90</ItemPrice>
      <UnitOfMeasurePrice>14.27</UnitOfMeasurePrice>
      <AllowDiscount>1</AllowDiscount>
      <ItemStatus>1</ItemStatus>
    </Item>
    <Item>
      <PriceUpdateDate>2016-03-18 00:06</PriceUpdateDate>
      <ItemCode>8000380007271</ItemCode>
      <ItemType>1</ItemType>
      <ItemName>ופלים לואקר בטעם חלב175ג</ItemName>
      <ManufacturerName>לואקר</ManufacturerName>
      <ManufactureCountry>IT</ManufactureCountry>
      <ManufacturerItemDescription>ופלים לואקר</ManufacturerItemDescription>
      <UnitQty>גרמים</UnitQty>
      <Quantity>175.00</Quantity>
      <bIsWeighted>0</bIsWeighted>
      <UnitOfMeasure>100 גרם</UnitOfMeasure>
      <QtyInPackage>0</QtyInPackage>
      <ItemPrice>11.80</ItemPrice>
      <UnitOfMeasurePrice>6.74</UnitOfMeasurePrice>
      <AllowDiscount>1</AllowDiscount>
      <ItemStatus>0</ItemStatus>
    </Item>
    <Item>
      <PriceUpdateDate>2016-03-18 00:05</PriceUpdateDate>
      <ItemCode>8000380148325</ItemCode>
      <ItemType>1</ItemType>
      <ItemName>וופל לואקר שוק.אגוז26X4ג</ItemName>
      <ManufacturerName>לואקר</ManufacturerName>
      <ManufactureCountry>IT</ManufactureCountry>
      <ManufacturerItemDescription>חטיפי לואקר 4 יח</ManufacturerItemDescription>
      <UnitQty>גרמים</UnitQty>
      <Quantity>104.00</Quantity>
      <bIsWeighted>0</bIsWeighted>
      <UnitOfMeasure>100 גרם</UnitOfMeasure>
      <QtyInPackage>0</QtyInPackage>
      <ItemPrice>11.90</ItemPrice>
      <UnitOfMeasurePrice>11.44</UnitOfMeasurePrice>
      <AllowDiscount>1</AllowDiscount>
      <ItemStatus>1</ItemStatus>
    </Item>
    <Item>
      <PriceUpdateDate>2016-03-18 00:05</PriceUpdateDate>
      <ItemCode>8002450206003</ItemCode>
      <ItemType>1</ItemType>
      <ItemName>ורדי רימונים 750 מ"ל</ItemName>
      <ManufacturerName>בוסקה</ManufacturerName>
      <ManufactureCountry>IT</ManufactureCountry>
      <ManufacturerItemDescription>ורדי רימונים</ManufacturerItemDescription>
      <UnitQty>מיליליטרים</UnitQty>
      <Quantity>750.00</Quantity>
      <bIsWeighted>0</bIsWeighted>
      <UnitOfMeasure>100 מ"ל</UnitOfMeasure>
      <QtyInPackage>0</QtyInPackage>
      <ItemPrice>19.90</ItemPrice>
      <UnitOfMeasurePrice>2.65</UnitOfMeasurePrice>
      <AllowDiscount>1</AllowDiscount>
      <ItemStatus>1</ItemStatus>
    </Item>
    <Item>
      <PriceUpdateDate>2016-03-17 09:45</PriceUpdateDate>
      <ItemCode>8003340098098</ItemCode>
      <ItemType>1</ItemType>
      <ItemName>בונ.לינדור סטרוברי200גרם</ItemName>
      <ManufacturerName>לינדט ושפרונגלי קילשברג</ManufacturerName>
      <ManufactureCountry>IT</ManufactureCountry>
      <ManufacturerItemDescription>בונבונירה לינדור</ManufacturerItemDescription>
      <UnitQty>גרמים</UnitQty>
      <Quantity>200.00</Quantity>
      <bIsWeighted>0</bIsWeighted>
      <UnitOfMeasure>100 גרם</UnitOfMeasure>
      <QtyInPackage>1</QtyInPackage>
      <ItemPrice>32.40</ItemPrice>
      <UnitOfMeasurePrice>16.20</UnitOfMeasurePrice>
      <AllowDiscount>1</AllowDiscount>
      <ItemStatus>0</ItemStatus>
    </Item>
    <Item>
      <PriceUpdateDate>2016-03-18 00:05</PriceUpdateDate>
      <ItemCode>8017128042517</ItemCode>
      <ItemType>1</ItemType>
      <ItemName>מטאטא סופג חבטות + מקל</ItemName>
      <ManufacturerName>המברשת רוחמה</ManufacturerName>
      <ManufactureCountry>IL</ManufactureCountry>
      <ManufacturerItemDescription>מטאטא סופג חבט</ManufacturerItemDescription>
      <UnitQty>יחידה</UnitQty>
      <Quantity>1.00</Quantity>
      <bIsWeighted>0</bIsWeighted>
      <UnitOfMeasure>יחידה</UnitOfMeasure>
      <QtyInPackage>0</QtyInPackage>
      <ItemPrice>41.30</ItemPrice>
      <UnitOfMeasurePrice>41.30</UnitOfMeasurePrice>
      <AllowDiscount>1</AllowDiscount>
      <ItemStatus>0</ItemStatus>
    </Item>
    <Item>
      <PriceUpdateDate>2016-03-18 00:06</PriceUpdateDate>
      <ItemCode>8076800195132</ItemCode>
      <ItemType>1</ItemType>
      <ItemName>אטריות בבטה מס13' 500גרם</ItemName>
      <ManufacturerName>ברילה</ManufacturerName>
      <ManufactureCountry>IT</ManufactureCountry>
      <ManufacturerItemDescription>אטריות בבטה</ManufacturerItemDescription>
      <UnitQty>גרמים</UnitQty>
      <Quantity>500.00</Quantity>
      <bIsWeighted>0</bIsWeighted>
      <UnitOfMeasure>100 גרם</UnitOfMeasure>
      <QtyInPackage>0</QtyInPackage>
      <ItemPrice>7.90</ItemPrice>
      <UnitOfMeasurePrice>1.58</UnitOfMeasurePrice>
      <AllowDiscount>1</AllowDiscount>
      <ItemStatus>1</ItemStatus>
    </Item>
    <Item>
      <PriceUpdateDate>2016-03-18 00:05</PriceUpdateDate>
      <ItemCode>8076809545464</ItemCode>
      <ItemType>1</ItemType>
      <ItemName>ספירלי ל.גלוטן ברילה400ג</ItemName>
      <ManufacturerName>ברילה</ManufacturerName>
      <ManufactureCountry>IT</ManufactureCountry>
      <ManufacturerItemDescription>ספירלי ברילה</ManufacturerItemDescription>
      <UnitQty>גרמים</UnitQty>
      <Quantity>400.00</Quantity>
      <bIsWeighted>0</bIsWeighted>
      <UnitOfMeasure>100 גרם</UnitOfMeasure>
      <QtyInPackage>1</QtyInPackage>
      <ItemPrice>10.90</ItemPrice>
      <UnitOfMeasurePrice>2.73</UnitOfMeasurePrice>
      <AllowDiscount>1</AllowDiscount>
      <ItemStatus>1</ItemStatus>
    </Item>
    <Item>
      <PriceUpdateDate>2016-03-18 00:05</PriceUpdateDate>
      <ItemCode>8423207000086</ItemCode>
      <ItemType>1</ItemType>
      <ItemName>פריכיות אורז מלא+שוק130.</ItemName>
      <ManufacturerName>ביסנצורי</ManufacturerName>
      <ManufactureCountry>ES</ManufactureCountry>
      <ManufacturerItemDescription>פריכיות אורז מלא</ManufacturerItemDescription>
      <UnitQty>גרמים</UnitQty>
      <Quantity>130.00</Quantity>
      <bIsWeighted>0</bIsWeighted>
      <UnitOfMeasure>100 גרם</UnitOfMeasure>
      <QtyInPackage>0</QtyInPackage>
      <ItemPrice>9.90</ItemPrice>
      <UnitOfMeasurePrice>7.62</UnitOfMeasurePrice>
      <AllowDiscount>1</AllowDiscount>
      <ItemStatus>1</ItemStatus>
    </Item>
    <Item>
      <PriceUpdateDate>2016-03-17 14:15</PriceUpdateDate>
      <ItemCode>8690784816885</ItemCode>
      <ItemType>1</ItemType>
      <ItemName>גלייד ניחוח מרכך 269מל</ItemName>
      <ManufacturerName>vaill aerosol coster</ManufacturerName>
      <ManufactureCountry>TR</ManufactureCountry>
      <ManufacturerItemDescription>גלייד מילוי</ManufacturerItemDescription>
      <UnitQty>מיליליטרים</UnitQty>
      <Quantity>269.00</Quantity>
      <bIsWeighted>0</bIsWeighted>
      <UnitOfMeasure>100 מ"ל</UnitOfMeasure>
      <QtyInPackage>1</QtyInPackage>
      <ItemPrice>15.00</ItemPrice>
      <UnitOfMeasurePrice>5.58</UnitOfMeasurePrice>
      <AllowDiscount>1</AllowDiscount>
      <ItemStatus>1</ItemStatus>
    </Item>
    <Item>
      <PriceUpdateDate>2016-03-18 00:06</PriceUpdateDate>
      <ItemCode>8712561676106</ItemCode>
      <ItemType>1</ItemType>
      <ItemName>וזלין ספריי קוקוס 190מ"ל</ItemName>
      <ManufacturerName>יוניליוור</ManufacturerName>
      <ManufactureCountry>PT</ManufactureCountry>
      <ManufacturerItemDescription>וזלין ספריי</ManufacturerItemDescription>
      <UnitQty>מיליליטרים</UnitQty>
      <Quantity>190.00</Quantity>
      <bIsWeighted>0</bIsWeighted>
      <UnitOfMeasure>100 מ"ל</UnitOfMeasure>
      <QtyInPackage>1</QtyInPackage>
      <ItemPrice>32.90</ItemPrice>
      <UnitOfMeasurePrice>17.32</UnitOfMeasurePrice>
      <AllowDiscount>1</AllowDiscount>
      <ItemStatus>0</ItemStatus>
    </Item>
    <Item>
      <PriceUpdateDate>2016-03-18 00:05</PriceUpdateDate>
      <ItemCode>8717163456613</ItemCode>
      <ItemType>1</ItemType>
      <ItemName>תחליב דאב שטיפה אינטימית</ItemName>
      <ManufacturerName>יוניליוור</ManufacturerName>
      <ManufactureCountry>PL</ManufactureCountry>
      <ManufacturerItemDescription>שטיפה אינטימית</ManufacturerItemDescription>
      <UnitQty>מיליליטרים</UnitQty>
      <Quantity>250.00</Quantity>
      <bIsWeighted>0</bIsWeighted>
      <UnitOfMeasure>100 מ"ל</UnitOfMeasure>
      <QtyInPackage>0</QtyInPackage>
      <ItemPrice>31.00</ItemPrice>
      <UnitOfMeasurePrice>12.40</UnitOfMeasurePrice>
      <AllowDiscount>1</AllowDiscount>
      <ItemStatus>1</ItemStatus>
    </Item>
    <Item>
      <PriceUpdateDate>2016-03-17 09:20</PriceUpdateDate>
      <ItemCode>8850632604372</ItemCode>
      <ItemType>1</ItemType>
      <ItemName>יוגטה חמוץ שטיח תות 50גר</ItemName>
      <ManufacturerName>סאאדת</ManufacturerName>
      <ManufactureCountry>TH</ManufactureCountry>
      <ManufacturerItemDescription>יוגטה ממתק חמוץ</ManufacturerItemDescription>
      <UnitQty>גרמים</UnitQty>
      <Quantity>50.00</Quantity>
      <bIsWeighted>0</bIsWeighted>
      <UnitOfMeasure>100 גרם</UnitOfMeasure>
      <QtyInPackage>0</QtyInPackage>
      <ItemPrice>4.60</ItemPrice>
      <UnitOfMeasurePrice>9.20</UnitOfMeasurePrice>
      <AllowDiscount>1</AllowDiscount>
      <ItemStatus>1</ItemStatus>
    </Item>
    <Item>
      <PriceUpdateDate>2016-03-18 00:05</PriceUpdateDate>
      <ItemCode>9002859058172</ItemCode>
      <ItemType>1</ItemType>
      <ItemName>בננה בציפוי מריר</ItemName>
      <ManufacturerName />
      <ManufactureCountry>IL</ManufactureCountry>
      <ManufacturerItemDescription>בננה בציפוי מריר</ManufacturerItemDescription>
      <UnitQty>גרמים</UnitQty>
      <Quantity>300.00</Quantity>
      <bIsWeighted>0</bIsWeighted>
      <UnitOfMeasure>100 גרם</UnitOfMeasure>
      <QtyInPackage>0</QtyInPackage>
      <ItemPrice>13.80</ItemPrice>
      <UnitOfMeasurePrice>4.60</UnitOfMeasurePrice>
      <AllowDiscount>1</AllowDiscount>
      <ItemStatus>0</ItemStatus>
    </Item>
  </Items>
</root>