<?xml version="1.0" encoding="utf-8"?>
<root>
  <ChainId>7290027600007</ChainId>
  <SubChainId>002</SubChainId>
  <StoreId>141</StoreId>
  <BikoretNo>6</BikoretNo>
  <DllVerNo>8.0.1.3</DllVerNo>
  <Items Count="141">
    <Item>
      <PriceUpdateDate>2016-03-18 00:06</PriceUpdateDate>
      <ItemCode>3023470001015</ItemCode>
      <ItemType>1</ItemType>
      <ItemName>עוגיות גאלט חמאה 130 גרם</ItemName>
      <ManufacturerName>סאן מישל ביסוויט</ManufacturerName>
      <ManufactureCountry>FR</ManufactureCountry>
      <ManufacturerItemDescription>עוגיות חמאה</ManufacturerItemDescription>
      <UnitQty>גרמים</UnitQty>
      <Quantity>130.00</Quantity>
      <bIsWeighted>0</bIsWeighted>
      <UnitOfMeasure>100 גרם</UnitOfMeasure>
      <QtyInPackage>0</QtyInPackage>
      <ItemPrice>11.90</ItemPrice>
      <UnitOfMeasurePrice>9.15</UnitOfMeasurePrice>
      <AllowDiscount>1</AllowDiscount>
      <ItemStatus>0</ItemStatus>
    </Item>
    <Item>
      <PriceUpdateDate>2016-03-18 00:06</PriceUpdateDate>
      <ItemCode>3173990026545</ItemCode>
      <ItemType>1</ItemType>
      <ItemName>ביסקוויט בלק&amp;וויט 115גרם</ItemName>
      <ManufacturerName>בובארד ביסקוויט</ManufacturerName>
      <ManufactureCountry>FR</ManufactureCountry>
      <ManufacturerItemDescription>ביסקוויט בלק&amp;ויט</ManufacturerItemDescription>
      <UnitQty>גרמים</UnitQty>
      <Quantity>115.00</Quantity>
      <bIsWeighted>0</bIsWeighted>
      <UnitOfMeasure>100 גרם</UnitOfMeasure>
      <QtyInPackage>1</QtyInPackage>
      <ItemPrice>11.90</ItemPrice>
      <UnitOfMeasurePrice>10.35</UnitOfMeasurePrice>
      <AllowDiscount>1</AllowDiscount>
      <ItemStatus>0</ItemStatus>
    </Item>
    <Item>
      <PriceUpdateDate>2016-03-18 00:05</PriceUpdateDate>
      <ItemCode>3277599395061</ItemCode>
      <ItemType>1</ItemType>
      <ItemName>קממבר בלו 250 גרם</ItemName>
      <ManufacturerName>סוסיאט לאטיאר לאקיי</ManufacturerName>
      <ManufactureCountry>FR</ManufactureCountry>
      <ManufacturerItemDescription>קממבר בלו</ManufacturerItemDescription>
      <UnitQty>גרמים</UnitQty>
      <Quantity>250.00</Quantity>
      <bIsWeighted>0</bIsWeighted>
      <UnitOfMeasure>100 גרם</UnitOfMeasure>
      <QtyInPackage>1</QtyInPackage>
      <ItemPrice>19.90</ItemPrice>
      <UnitOfMeasurePrice>7.96</UnitOfMeasurePrice>
      <AllowDiscount>1</AllowDiscount>
      <ItemStatus>0</ItemStatus>
    </Item>
    <Item>
      <PriceUpdateDate>2016-03-18 00:05</PriceUpdateDate>
      <ItemCode>3414208004284</ItemCode>
      <ItemType>1</ItemType>
      <ItemName>WISH א.ד.פ לאשה 75 מ"ל</ItemName>
      <ManufacturerName />
      <ManufactureCountry />
      <ManufacturerItemDescription>WISH א.ד.פ לאשה 75 מ"ל</ManufacturerItemDescription>
      <UnitQty>מיליליטרים</UnitQty>
      <Quantity>75.00</Quantity>
      <bIsWeighted>0</bIsWeighted>
      <UnitOfMeasure>100 מ"ל</UnitOfMeasure>
      <QtyInPackage>0</QtyInPackage>
      <ItemPrice>460.00</ItemPrice>
      <UnitOfMeasurePrice>613.33</UnitOfMeasurePrice>
      <AllowDiscount>1</AllowDiscount>
      <ItemStatus>1</ItemStatus>
    </Item>
    <Item>
      <PriceUpdateDate>2016-03-18 00:05</PriceUpdateDate>
      <ItemCode>3556420200553</ItemCode>
      <ItemType>1</ItemType>
      <ItemName>קרואסון חמאה 325גרם</ItemName>
      <ManufacturerName>אדיר</ManufacturerName>
      <ManufactureCountry>IL</ManufactureCountry>
      <ManufacturerItemDescription>קרואסון חמאה</ManufacturerItemDescription>
      <UnitQty>גרמים</UnitQty>
      <Quantity>325.00</Quantity>
      <bIsWeighted>0</bIsWeighted>
      <UnitOfMeasure>100 גרם</UnitOfMeasure>
      <QtyInPackage>1</QtyInPackage>
      <ItemPrice>19.90</ItemPrice>
      <UnitOfMeasurePrice>6.12</UnitOfMeasurePrice>
      <AllowDiscount>1</AllowDiscount>
      <ItemStatus>0</ItemStatus>
    </Item>
    <Item>
      <PriceUpdateDate>2016-03-18 00:05</PriceUpdateDate>
      <ItemCode>3574660535198</ItemCode>
      <ItemType>1</ItemType>
      <ItemName>30קרפרי מגן תחתון אלוורה</ItemName>
      <ManufacturerName>ג'ונסון</ManufacturerName>
      <ManufactureCountry>IT</ManufactureCountry>
      <ManufacturerItemDescription>קרפרי מגן תחתון</ManufacturerItemDescription>
      <UnitQty>יחידה</UnitQty>
      <Quantity>1.00</Quantity>
      <bIsWeighted>0</bIsWeighted>
      <UnitOfMeasure>יחידה</UnitOfMeasure>
      <QtyInPackage>0</QtyInPackage>
      <ItemPrice>16.80</ItemPrice>
      <UnitOfMeasurePrice>16.80</UnitOfMeasurePrice>
      <AllowDiscount>1</AllowDiscount>
      <ItemStatus>1</ItemStatus>
    </Item>
    <Item>
      <PriceUpdateDate>2016-03-18 00:06</PriceUpdateDate>
      <ItemCode>3574661136363</ItemCode>
      <ItemType>1</ItemType>
      <ItemName>OBפרוקומפורט סופר+מוליך</ItemName>
      <ManufacturerName>ג'ונסון</ManufacturerName>
      <ManufactureCountry>FR</ManufactureCountry>
      <ManufacturerItemDescription>טמפוני או-בה</ManufacturerItemDescription>
      <UnitQty>יחידה</UnitQty>
      <Quantity>1.00</Quantity>
      <bIsWeighted>0</bIsWeighted>
      <UnitOfMeasure>יחידה</UnitOfMeasure>
      <QtyInPackage>0</QtyInPackage>
      <ItemPrice>24.70</ItemPrice>
      <UnitOfMeasurePrice>24.70</UnitOfMeasurePrice>
      <AllowDiscount>1</AllowDiscount>
      <ItemStatus>0</ItemStatus>
    </Item>
    <Item>
      <PriceUpdateDate>2016-03-18 00:06</PriceUpdateDate>
      <ItemCode>3600522343431</ItemCode>
      <ItemType>1</ItemType>
      <ItemName>ק.לחות פעולה משולש.מאט50</ItemName>
      <ManufacturerName>קלסרואה</ManufacturerName>
      <ManufactureCountry>FR</ManufactureCountry>
      <ManufacturerItemDescription>קרם לחות</ManufacturerItemDescription>
      <UnitQty>מיליליטרים</UnitQty>
      <Quantity>50.00</Quantity>
      <bIsWeighted>0</bIsWeighted>
      <UnitOfMeasure>100 מ"ל</UnitOfMeasure>
      <QtyInPackage>0</QtyInPackage>
      <ItemPrice>55.00</ItemPrice>
      <UnitOfMeasurePrice>110.00</UnitOfMeasurePrice>
      <AllowDiscount>1</AllowDiscount>
      <ItemStatus>0</ItemStatus>
    </Item>
    <Item>
      <PriceUpdateDate>2016-03-18 00:05</PriceUpdateDate>
      <ItemCode>3600540794864</ItemCode>
      <ItemType>1</ItemType>
      <ItemName>דאודורנט ספריי קליר 150מ</ItemName>
      <ManufacturerName>סופרוקוס</ManufacturerName>
      <ManufactureCountry>IL</ManufactureCountry>
      <ManufacturerItemDescription>דאו.גרנייה</ManufacturerItemDescription>
      <UnitQty>מיליליטרים</UnitQty>
      <Quantity>150.00</Quantity>
      <bIsWeighted>0</bIsWeighted>
      <UnitOfMeasure>100 מ"ל</UnitOfMeasure>
      <QtyInPackage>0</QtyInPackage>
      <ItemPrice>13.90</ItemPrice>
      <UnitOfMeasurePrice>9.27</UnitOfMeasurePrice>
      <AllowDiscount>1</AllowDiscount>
      <ItemStatus>1</ItemStatus>
    </Item>
    <Item>
      <PriceUpdateDate>2016-03-18 00:05</PriceUpdateDate>
      <ItemCode>3661163934983</ItemCode>
      <ItemType>1</ItemType>
      <ItemName>דאו.סטיק אדידס טים פורס</ItemName>
      <ManufacturerName>COTY</ManufacturerName>
      <ManufactureCountry>GB</ManufactureCountry>
      <ManufacturerItemDescription>דאודורנט אדידס</ManufacturerItemDescription>
      <UnitQty>גרמים</UnitQty>
      <Quantity>51.00</Quantity>
      <bIsWeighted>0</bIsWeighted>
      <UnitOfMeasure>100 גרם</UnitOfMeasure>
      <QtyInPackage>0</QtyInPackage>
      <ItemPrice>24.30</ItemPrice>
      <UnitOfMeasurePrice>47.65</UnitOfMeasurePrice>
      <AllowDiscount>1</AllowDiscount>
      <ItemStatus>1</ItemStatus>
    </Item>
    <Item>
      <PriceUpdateDate>2016-03-17 13:33</PriceUpdateDate>
      <ItemCode>4009900503952</ItemCode>
      <ItemType>1</ItemType>
      <ItemName>אורביט בבלמינט grab&amp;go</ItemName>
      <ManufacturerName>ריגלי</ManufacturerName>
      <ManufactureCountry>PL</ManufactureCountry>
      <ManufacturerItemDescription>מסטיק אורביט</ManufacturerItemDescription>
      <UnitQty>גרמים</UnitQty>
      <Quantity>56.00</Quantity>
      <bIsWeighted>0</bIsWeighted>
      <UnitOfMeasure>100 גרם</UnitOfMeasure>
      <QtyInPackage>1</QtyInPackage>
      <ItemPrice>7.90</ItemPrice>
      <UnitOfMeasurePrice>14.11</UnitOfMeasurePrice>
      <AllowDiscount>1</AllowDiscount>
      <ItemStatus>1</ItemStatus>
    </Item>
    <Item>
      <PriceUpdateDate>2016-03-17 13:33</PriceUpdateDate>
      <ItemCode>4009900504126</ItemCode>
      <ItemType>1</ItemType>
      <ItemName>אורביט פפרמינט grab&amp;go</ItemName>
      <ManufacturerName>ריגלי</ManufacturerName>
      <ManufactureCountry>PL</ManufactureCountry>
      <ManufacturerItemDescription>מסטיק אורביט</ManufacturerItemDescription>
      <UnitQty>גרמים</UnitQty>
      <Quantity>56.00</Quantity>
      <bIsWeighted>0</bIsWeighted>
      <UnitOfMeasure>100 גרם</UnitOfMeasure>
      <QtyInPackage>1</QtyInPackage>
      <ItemPrice>7.90</ItemPrice>
      <UnitOfMeasurePrice>14.11</UnitOfMeasurePrice>
      <AllowDiscount>1</AllowDiscount>
      <ItemStatus>1</ItemStatus>
    </Item>
    <Item>
      <PriceUpdateDate>2016-03-18 00:06</PriceUpdateDate>
      <ItemCode>4015600609146</ItemCode>
      <ItemType>1</ItemType>
      <ItemName>פנטן מסכה לשיער שמן 200מ</ItemName>
      <ManufacturerName>פרוקטר &amp; גמבל</ManufacturerName>
      <ManufactureCountry>IL</ManufactureCountry>
      <ManufacturerItemDescription>מסיכה פנטן</ManufacturerItemDescription>
      <UnitQty>מיליליטרים</UnitQty>
      <Quantity>200.00</Quantity>
      <bIsWeighted>0</bIsWeighted>
      <UnitOfMeasure>100 מ"ל</UnitOfMeasure>
      <QtyInPackage>0</QtyInPackage>
      <ItemPrice>25.90</ItemPrice>
      <UnitOfMeasurePrice>12.95</UnitOfMeasurePrice>
      <AllowDiscount>1</AllowDiscount>
      <ItemStatus>1</ItemStatus>
    </Item>
    <Item>
      <PriceUpdateDate>2016-03-18 00:05</PriceUpdateDate>
      <ItemCode>4056800777792</ItemCode>
      <ItemType>1</ItemType>
      <ItemName>קולסטון קיט שחור כחול</ItemName>
      <ManufacturerName>פרוקטר &amp; גמבל</ManufacturerName>
      <ManufactureCountry>DE</ManufactureCountry>
      <ManufacturerItemDescription>קולסטון קיט</ManufacturerItemDescription>
      <UnitQty>יחידה</UnitQty>
      <Quantity>1.00</Quantity>
      <bIsWeighted>0</bIsWeighted>
      <UnitOfMeasure>יחידה</UnitOfMeasure>
      <QtyInPackage>0</QtyInPackage>
      <ItemPrice>38.30</ItemPrice>
      <UnitOfMeasurePrice>38.30</UnitOfMeasurePrice>
      <AllowDiscount>1</AllowDiscount>
      <ItemStatus>1</ItemStatus>
    </Item>
    <Item>
      <PriceUpdateDate>2016-03-18 00:05</PriceUpdateDate>
      <ItemCode>42247722</ItemCode>
      <ItemType>1</ItemType>
      <ItemName>פייב אסנשיאל אבטיח19גרם</ItemName>
      <ManufacturerName>ריגלי</ManufacturerName>
      <ManufactureCountry>FR</ManufactureCountry>
      <ManufacturerItemDescription>מסטיק פייב</ManufacturerItemDescription>
      <UnitQty>גרמים</UnitQty>
      <Quantity>19.00</Quantity>
      <bIsWeighted>0</bIsWeighted>
      <UnitOfMeasure>100 גרם</UnitOfMeasure>
      <QtyInPackage>0</QtyInPackage>
      <ItemPrice>5.00</ItemPrice>
      <UnitOfMeasurePrice>26.32</UnitOfMeasurePrice>
      <AllowDiscount>1</AllowDiscount>
      <ItemStatus>1</ItemStatus>
    </Item>
    <Item>
      <PriceUpdateDate>2016-03-18 00:05</PriceUpdateDate>
      <ItemCode>4800888150103</ItemCode>
      <ItemType>1</ItemType>
      <ItemName>דאו.דאב רול און כחול 50</ItemName>
      <ManufacturerName>יוניליוור</ManufacturerName>
      <ManufactureCountry>IL</ManufactureCountry>
      <ManufacturerItemDescription>דאודורנט דאב</ManufacturerItemDescription>
      <UnitQty>מיליליטרים</UnitQty>
      <Quantity>50.00</Quantity>
      <bIsWeighted>0</bIsWeighted>
      <UnitOfMeasure>100 מ"ל</UnitOfMeasure>
      <QtyInPackage>0</QtyInPackage>
      <ItemPrice>23.20</ItemPrice>
      <UnitOfMeasurePrice>46.40</UnitOfMeasurePrice>
      <AllowDiscount>1</AllowDiscount>
      <ItemStatus>1</ItemStatus>
    </Item>
    <Item>
      <PriceUpdateDate>2016-03-18 00:05</PriceUpdateDate>
      <ItemCode>5011408053234</ItemCode>
      <ItemType>1</ItemType>
      <ItemName>ק.לחות פעולה משולש.פרש50</ItemName>
      <ManufacturerName>קלסרואה</ManufacturerName>
      <ManufactureCountry>DE</ManufactureCountry>
      <ManufacturerItemDescription>קרם לחות</ManufacturerItemDescription>
      <UnitQty>מיליליטרים</UnitQty>
      <Quantity>50.00</Quantity>
      <bIsWeighted>0</bIsWeighted>
      <UnitOfMeasure>100 מ"ל</UnitOfMeasure>
      <QtyInPackage>0</QtyInPackage>
      <ItemPrice>55.00</ItemPrice>
      <UnitOfMeasurePrice>110.00</UnitOfMeasurePrice>
      <AllowDiscount>1</AllowDiscount>
      <ItemStatus>0</ItemStatus>
    </Item>
    <Item>
      <PriceUpdateDate>2016-03-18 00:05</PriceUpdateDate>
      <ItemCode>5013261011116</ItemCode>
      <ItemType>1</ItemType>
      <ItemName>וויסקי סקוטיש</ItemName>
      <ManufacturerName />
      <ManufactureCountry>SC</ManufactureCountry>
      <ManufacturerItemDescription>וויסקי סקוטיש</ManufacturerItemDescription>
      <UnitQty>מיליליטרים</UnitQty>
      <Quantity>700.00</Quantity>
      <bIsWeighted>0</bIsWeighted>
      <UnitOfMeasure>100 מ"ל</UnitOfMeasure>
      <QtyInPackage>0</QtyInPackage>
      <ItemPrice>69.90</ItemPrice>
      <UnitOfMeasurePrice>9.99</UnitOfMeasurePrice>
      <AllowDiscount>1</AllowDiscount>
      <ItemStatus>1</ItemStatus>
    </Item>
    <Item>
      <PriceUpdateDate>2016-03-18 00:06</PriceUpdateDate>
      <ItemCode>5014271000725</ItemCode>
      <ItemType>1</ItemType>
      <ItemName>סלט קינואה וירקות200גרם</ItemName>
      <ManufacturerName>סאן דלפור - שמבור</ManufacturerName>
      <ManufactureCountry>FR</ManufactureCountry>
      <ManufacturerItemDescription>סלט קינואה</ManufacturerItemDescription>
      <UnitQty>גרמים</UnitQty>
      <Quantity>200.00</Quantity>
      <bIsWeighted>0</bIsWeighted>
      <UnitOfMeasure>100 גרם</UnitOfMeasure>
      <QtyInPackage>1</QtyInPackage>
      <ItemPrice>10.00</ItemPrice>
      <UnitOfMeasurePrice>5.00</UnitOfMeasurePrice>
      <AllowDiscount>1</AllowDiscount>
      <ItemStatus>0</ItemStatus>
    </Item>
    <Item>
      <PriceUpdateDate>2016-03-18 00:05</PriceUpdateDate>
      <ItemCode>5029053531250</ItemCode>
      <ItemType>1</ItemType>
      <ItemName>14פול אפס יום בנות מידה5</ItemName>
      <ManufacturerName>חוגלה קימברלי</ManufacturerName>
      <ManufactureCountry>IL</ManufactureCountry>
      <ManufacturerItemDescription>האגיס פול אפס</ManufacturerItemDescription>
      <UnitQty>יחידה</UnitQty>
      <Quantity>1.00</Quantity>
      <bIsWeighted>0</bIsWeighted>
      <UnitOfMeasure>יחידה</UnitOfMeasure>
      <QtyInPackage>0</QtyInPackage>
      <ItemPrice>39.00</ItemPrice>
      <UnitOfMeasurePrice>39.00</UnitOfMeasurePrice>
      <AllowDiscount>1</AllowDiscount>
      <ItemStatus>1</ItemStatus>
    </Item>
    <Item>
      <PriceUpdateDate>2016-03-18 00:05</PriceUpdateDate>
      <ItemCode>5201143725927</ItemCode>
      <ItemType>1</ItemType>
      <ItemName>צבע נקטרה8-45בלונד פרלין</ItemName>
      <ManufacturerName>הנקל סוד</ManufacturerName>
      <ManufactureCountry>IL</ManufactureCountry>
      <ManufacturerItemDescription>צבע לשיער נקטרה</ManufacturerItemDescription>
      <UnitQty>יחידה</UnitQty>
      <Quantity>1.00</Quantity>
      <bIsWeighted>0</bIsWeighted>
      <UnitOfMeasure>יחידה</UnitOfMeasure>
      <QtyInPackage>0</QtyInPackage>
      <ItemPrice>20.00</ItemPrice>
      <UnitOfMeasurePrice>20.00</UnitOfMeasurePrice>
      <AllowDiscount>1</AllowDiscount>
      <ItemStatus>1</ItemStatus>
    </Item>
    <Item>
      <PriceUpdateDate>2016-03-18 00:05</PriceUpdateDate>
      <ItemCode>5202300043199</ItemCode>
      <ItemType>1</ItemType>
      <ItemName>קולסטון 2000 חום מדיום</ItemName>
      <ManufacturerName>פרוקטר &amp; גמבל</ManufacturerName>
      <ManufactureCountry>DE</ManufactureCountry>
      <ManufacturerItemDescription>קולסטון 2000</ManufacturerItemDescription>
      <UnitQty>יחידה</UnitQty>
      <Quantity>1.00</Quantity>
      <bIsWeighted>0</bIsWeighted>
      <UnitOfMeasure>יחידה</UnitOfMeasure>
      <QtyInPackage>0</QtyInPackage>
      <ItemPrice>25.70</ItemPrice>
      <UnitOfMeasurePrice>25.70</UnitOfMeasurePrice>
      <AllowDiscount>1</AllowDiscount>
      <ItemStatus>1</ItemStatus>
    </Item>
    <Item>
      <PriceUpdateDate>2016-03-18 00:06</PriceUpdateDate>
      <ItemCode>6678880542138</ItemCode>
      <ItemType>1</ItemType>
      <ItemName>ג'ינג'ר ורוד</ItemName>
      <ManufacturerName />
      <ManufactureCountry />
      <ManufacturerItemDescription>ג'ינג'ר ורוד</ManufacturerItemDescription>
      <UnitQty>גרמים</UnitQty>
      <Quantity>340.00</Quantity>
      <bIsWeighted>0</bIsWeighted>
      <UnitOfMeasure>100 גרם</UnitOfMeasure>
      <QtyInPackage>0</QtyInPackage>
      <ItemPrice>8.10</ItemPrice>
      <UnitOfMeasurePrice>2.38</UnitOfMeasurePrice>
      <AllowDiscount>1</AllowDiscount>
      <ItemStatus>1</ItemStatus>
    </Item>
    <Item>
      <PriceUpdateDate>2016-03-18 00:05</PriceUpdateDate>
      <ItemCode>7290000000275</ItemCode>
      <ItemType>0</ItemType>
      <ItemName>פול</ItemName>
      <ManufacturerName>קטיף</ManufacturerName>
      <ManufactureCountry>IL</ManufactureCountry>
      <ManufacturerItemDescription>פול</ManufacturerItemDescription>
      <UnitQty>קילוגרמים</UnitQty>
      <Quantity>0.00</Quantity>
      <bIsWeighted>1</bIsWeighted>
      <UnitOfMeasure>ק"ג</UnitOfMeasure>
      <QtyInPackage>0</QtyInPackage>
      <ItemPrice>9.90</ItemPrice>
      <UnitOfMeasurePrice>9.90</UnitOfMeasurePrice>
      <AllowDiscount>1</AllowDiscount>
      <ItemStatus>1</ItemStatus>
    </Item>
    <Item>
      <PriceUpdateDate>2016-03-18 00:05</PriceUpdateDate>
      <ItemCode>7290000069388</ItemCode>
      <ItemType>1</ItemType>
      <ItemName>תערובת תיבול עוף שום36ג</ItemName>
      <ManufacturerName>אסם</ManufacturerName>
      <ManufactureCountry>IL</ManufactureCountry>
      <ManufacturerItemDescription>תערובת שום לעוף</ManufacturerItemDescription>
      <UnitQty>גרמים</UnitQty>
      <Quantity>36.00</Quantity>
      <bIsWeighted>0</bIsWeighted>
      <UnitOfMeasure>100 גרם</UnitOfMeasure>
      <QtyInPackage>0</QtyInPackage>
      <ItemPrice>5.90</ItemPrice>
      <UnitOfMeasurePrice>16.39</UnitOfMeasurePrice>
      <AllowDiscount>1</AllowDiscount>
      <ItemStatus>0</ItemStatus>
    </Item>
    <Item>
      <PriceUpdateDate>2016-03-18 00:05</PriceUpdateDate>
      <ItemCode>7290000097619</ItemCode>
      <ItemType>0</ItemType>
      <ItemName>לחמניה כפרית ארוכה</ItemName>
      <ManufacturerName>גידרון</ManufacturerName>
      <ManufactureCountry>IL</ManufactureCountry>
      <ManufacturerItemDescription>לחמניה כפרית</ManufacturerItemDescription>
      <UnitQty>יחידה</UnitQty>
      <Quantity>1.00</Quantity>
      <bIsWeighted>0</bIsWeighted>
      <UnitOfMeasure>יחידה</UnitOfMeasure>
      <QtyInPackage>0</QtyInPackage>
      <ItemPrice>2.90</ItemPrice>
      <UnitOfMeasurePrice>2.90</UnitOfMeasurePrice>
      <AllowDiscount>1</AllowDiscount>
      <ItemStatus>1</ItemStatus>
    </Item>
    <Item>
      <PriceUpdateDate>2016-03-18 00:05</PriceUpdateDate>
      <ItemCode>7290000103464</ItemCode>
      <ItemType>1</ItemType>
      <ItemName>אפונת גינה 500גרם</ItemName>
      <ManufacturerName>תנובה</ManufacturerName>
      <ManufactureCountry>IL</ManufactureCountry>
      <ManufacturerItemDescription>אפונת גינה</ManufacturerItemDescription>
      <UnitQty>גרמים</UnitQty>
      <Quantity>500.00</Quantity>
      <bIsWeighted>0</bIsWeighted>
      <UnitOfMeasure>100 גרם</UnitOfMeasure>
      <QtyInPackage>1</QtyInPackage>
      <ItemPrice>11.90</ItemPrice>
      <UnitOfMeasurePrice>2.38</UnitOfMeasurePrice>
      <AllowDiscount>1</AllowDiscount>
      <ItemStatus>0</ItemStatus>
    </Item>
    <Item>
      <PriceUpdateDate>2016-03-18 00:06</PriceUpdateDate>
      <ItemCode>7290000103471</ItemCode>
      <ItemType>1</ItemType>
      <ItemName>מיני ברוקולי קפוא 600גרם</ItemName>
      <ManufacturerName>תנובה</ManufacturerName>
      <ManufactureCountry>IL</ManufactureCountry>
      <ManufacturerItemDescription>מיני ברוקולי</ManufacturerItemDescription>
      <UnitQty>גרמים</UnitQty>
      <Quantity>600.00</Quantity>
      <bIsWeighted>0</bIsWeighted>
      <UnitOfMeasure>100 גרם</UnitOfMeasure>
      <QtyInPackage>14</QtyInPackage>
      <ItemPrice>17.90</ItemPrice>
      <UnitOfMeasurePrice>2.98</UnitOfMeasurePrice>
      <AllowDiscount>1</AllowDiscount>
      <ItemStatus>0</ItemStatus>
    </Item>
    <Item>
      <PriceUpdateDate>2016-03-18 00:05</PriceUpdateDate>
      <ItemCode>7290000103815</ItemCode>
      <ItemType>1</ItemType>
      <ItemName>לקט להקפצה תאילנדי 800גר</ItemName>
      <ManufacturerName>סנפרוסט</ManufacturerName>
      <ManufactureCountry>IL</ManufactureCountry>
      <ManufacturerItemDescription>לקט להקפצה תאילנדי 800גר</ManufacturerItemDescription>
      <UnitQty>גרמים</UnitQty>
      <Quantity>800.00</Quantity>
      <bIsWeighted>0</bIsWeighted>
      <UnitOfMeasure>100 גרם</UnitOfMeasure>
      <QtyInPackage>0</QtyInPackage>
      <ItemPrice>24.90</ItemPrice>
      <UnitOfMeasurePrice>3.11</UnitOfMeasurePrice>
      <AllowDiscount>1</AllowDiscount>
      <ItemStatus>1</ItemStatus>
    </Item>
    <Item>
      <PriceUpdateDate>2016-03-18 00:05</PriceUpdateDate>
      <ItemCode>7290000104225</ItemCode>
      <ItemType>1</ItemType>
      <ItemName>בצל קצוץ מוקפא 600 גרם</ItemName>
      <ManufacturerName>סנפרוסט</ManufacturerName>
      <ManufactureCountry>IL</ManufactureCountry>
      <ManufacturerItemDescription>בצל קצוץ מוקפא</ManufacturerItemDescription>
      <UnitQty>גרמים</UnitQty>
      <Quantity>600.00</Quantity>
      <bIsWeighted>0</bIsWeighted>
      <UnitOfMeasure>100 גרם</UnitOfMeasure>
      <QtyInPackage>0</QtyInPackage>
      <ItemPrice>17.00</ItemPrice>
      <UnitOfMeasurePrice>2.83</UnitOfMeasurePrice>
      <AllowDiscount>1</AllowDiscount>
      <ItemStatus>0</ItemStatus>
    </Item>
    <Item>
      <PriceUpdateDate>2016-03-18 00:05</PriceUpdateDate>
      <ItemCode>7290000153445</ItemCode>
      <ItemType>1</ItemType>
      <ItemName>קציצות בקר מתובלות 500גר</ItemName>
      <ManufacturerName>עוף טוב</ManufacturerName>
      <ManufactureCountry>IL</ManufactureCountry>
      <ManufacturerItemDescription>קציצות בקר</ManufacturerItemDescription>
      <UnitQty>גרמים</UnitQty>
      <Quantity>500.00</Quantity>
      <bIsWeighted>0</bIsWeighted>
      <UnitOfMeasure>100 גרם</UnitOfMeasure>
      <QtyInPackage>0</QtyInPackage>
      <ItemPrice>28.90</ItemPrice>
      <UnitOfMeasurePrice>5.78</UnitOfMeasurePrice>
      <AllowDiscount>1</AllowDiscount>
      <ItemStatus>1</ItemStatus>
    </Item>
    <Item>
      <PriceUpdateDate>2016-03-18 00:05</PriceUpdateDate>
      <ItemCode>7290000159515</ItemCode>
      <ItemType>1</ItemType>
      <ItemName>קבנוס מופחת שומן 120גרם</ItemName>
      <ManufacturerName>עוף טוב</ManufacturerName>
      <ManufactureCountry>IL</ManufactureCountry>
      <ManufacturerItemDescription>קבנוס מופחת שומן</ManufacturerItemDescription>
      <UnitQty>גרמים</UnitQty>
      <Quantity>120.00</Quantity>
      <bIsWeighted>0</bIsWeighted>
      <UnitOfMeasure>100 גרם</UnitOfMeasure>
      <QtyInPackage>0</QtyInPackage>
      <ItemPrice>10.90</ItemPrice>
      <UnitOfMeasurePrice>9.08</UnitOfMeasurePrice>
      <AllowDiscount>1</AllowDiscount>
      <ItemStatus>1</ItemStatus>
    </Item>
    <Item>
      <PriceUpdateDate>2016-03-18 00:05</PriceUpdateDate>
      <ItemCode>7290000165158</ItemCode>
      <ItemType>1</ItemType>
      <ItemName>דא. דאב אינביזיבל 170מ"ל</ItemName>
      <ManufacturerName>יוניליוור</ManufacturerName>
      <ManufactureCountry>IL</ManufactureCountry>
      <ManufacturerItemDescription>דאודורנט דאב</ManufacturerItemDescription>
      <UnitQty>מיליליטרים</UnitQty>
      <Quantity>170.00</Quantity>
      <bIsWeighted>0</bIsWeighted>
      <UnitOfMeasure>100 מ"ל</UnitOfMeasure>
      <QtyInPackage>0</QtyInPackage>
      <ItemPrice>22.70</ItemPrice>
      <UnitOfMeasurePrice>13.35</UnitOfMeasurePrice>
      <AllowDiscount>1</AllowDiscount>
      <ItemStatus>0</ItemStatus>
    </Item>
    <Item>
      <PriceUpdateDate>2016-03-18 00:06</PriceUpdateDate>
      <ItemCode>7290000169088</ItemCode>
      <ItemType>1</ItemType>
      <ItemName>מרק גורמה ברוקולי כרובית</ItemName>
      <ManufacturerName>יוניליוור</ManufacturerName>
      <ManufactureCountry>IL</ManufactureCountry>
      <ManufacturerItemDescription>מרק גורמה קנור</ManufacturerItemDescription>
      <UnitQty>גרמים</UnitQty>
      <Quantity>88.00</Quantity>
      <bIsWeighted>0</bIsWeighted>
      <UnitOfMeasure>100 גרם</UnitOfMeasure>
      <QtyInPackage>0</QtyInPackage>
      <ItemPrice>9.80</ItemPrice>
      <UnitOfMeasurePrice>11.14</UnitOfMeasurePrice>
      <AllowDiscount>1</AllowDiscount>
      <ItemStatus>1</ItemStatus>
    </Item>
    <Item>
      <PriceUpdateDate>2016-03-18 00:05</PriceUpdateDate>
      <ItemCode>7290000170275</ItemCode>
      <ItemType>1</ItemType>
      <ItemName>שוקולד ממולא קרם נוגט100</ItemName>
      <ManufacturerName>עלית</ManufacturerName>
      <ManufactureCountry>IL</ManufactureCountry>
      <ManufacturerItemDescription>שוקולד ממולא</ManufacturerItemDescription>
      <UnitQty>גרמים</UnitQty>
      <Quantity>100.00</Quantity>
      <bIsWeighted>0</bIsWeighted>
      <UnitOfMeasure>100 גרם</UnitOfMeasure>
      <QtyInPackage>0</QtyInPackage>
      <ItemPrice>5.50</ItemPrice>
      <UnitOfMeasurePrice>5.50</UnitOfMeasurePrice>
      <AllowDiscount>1</AllowDiscount>
      <ItemStatus>1</ItemStatus>
    </Item>
    <Item>
      <PriceUpdateDate>2016-03-18 00:05</PriceUpdateDate>
      <ItemCode>7290000197081</ItemCode>
      <ItemType>1</ItemType>
      <ItemName>ניילונית חסכונית 150 מטר</ItemName>
      <ManufacturerName>חוגלה קימברלי</ManufacturerName>
      <ManufactureCountry>IL</ManufactureCountry>
      <ManufacturerItemDescription>ניילן נצמד</ManufacturerItemDescription>
      <UnitQty>מטרים</UnitQty>
      <Quantity>150.00</Quantity>
      <bIsWeighted>0</bIsWeighted>
      <UnitOfMeasure>מטר</UnitOfMeasure>
      <QtyInPackage>0</QtyInPackage>
      <ItemPrice>31.90</ItemPrice>
      <UnitOfMeasurePrice>0.21</UnitOfMeasurePrice>
      <AllowDiscount>1</AllowDiscount>
      <ItemStatus>1</ItemStatus>
    </Item>
    <Item>
      <PriceUpdateDate>2016-03-18 00:06</PriceUpdateDate>
      <ItemCode>7290000306230</ItemCode>
      <ItemType>1</ItemType>
      <ItemName>לגונה ממרח צמחי 85X3גרם</ItemName>
      <ManufacturerName>סטארקיסט</ManufacturerName>
      <ManufactureCountry>IL</ManufactureCountry>
      <ManufacturerItemDescription>לגונה ממרח צמחי</ManufacturerItemDescription>
      <UnitQty>גרמים</UnitQty>
      <Quantity>255.00</Quantity>
      <bIsWeighted>0</bIsWeighted>
      <UnitOfMeasure>100 גרם</UnitOfMeasure>
      <QtyInPackage>0</QtyInPackage>
      <ItemPrice>11.90</ItemPrice>
      <UnitOfMeasurePrice>4.67</UnitOfMeasurePrice>
      <AllowDiscount>1</AllowDiscount>
      <ItemStatus>0</ItemStatus>
    </Item>
    <Item>
      <PriceUpdateDate>2016-03-18 00:06</PriceUpdateDate>
      <ItemCode>7290000356648</ItemCode>
      <ItemType>1</ItemType>
      <ItemName>עגבנ.מרוסק.עם שום300X2ג</ItemName>
      <ManufacturerName>מילוז</ManufacturerName>
      <ManufactureCountry>IL</ManufactureCountry>
      <ManufacturerItemDescription>עגבנ.מרוסקות 2יח</ManufacturerItemDescription>
      <UnitQty>גרמים</UnitQty>
      <Quantity>600.00</Quantity>
      <bIsWeighted>0</bIsWeighted>
      <UnitOfMeasure>100 גרם</UnitOfMeasure>
      <QtyInPackage>0</QtyInPackage>
      <ItemPrice>9.60</ItemPrice>
      <UnitOfMeasurePrice>1.60</UnitOfMeasurePrice>
      <AllowDiscount>1</AllowDiscount>
      <ItemStatus>0</ItemStatus>
    </Item>
    <Item>
      <PriceUpdateDate>2016-03-18 00:05</PriceUpdateDate>
      <ItemCode>7290000525938</ItemCode>
      <ItemType>1</ItemType>
      <ItemName>נקטר תפוזים פרימור 1 ל'</ItemName>
      <ManufacturerName>גניר</ManufacturerName>
      <ManufactureCountry>IL</ManufactureCountry>
      <ManufacturerItemDescription>נקטר תפוזים</ManufacturerItemDescription>
      <UnitQty>ליטרים</UnitQty>
      <Quantity>1.00</Quantity>
      <bIsWeighted>0</bIsWeighted>
      <UnitOfMeasure>ליטר</UnitOfMeasure>
      <QtyInPackage>0</QtyInPackage>
      <ItemPrice>4.50</ItemPrice>
      <UnitOfMeasurePrice>4.50</UnitOfMeasurePrice>
      <AllowDiscount>1</AllowDiscount>
      <ItemStatus>1</ItemStatus>
    </Item>
    <Item>
      <PriceUpdateDate>2016-03-18 00:05</PriceUpdateDate>
      <ItemCode>7290000928753</ItemCode>
      <ItemType>0</ItemType>
      <ItemName>חזה כבש טרי (עצמי) משקל</ItemName>
      <ManufacturerName>שונות</ManufacturerName>
      <ManufactureCountry>IL</ManufactureCountry>
      <ManufacturerItemDescription>חזה כבש טרי</ManufacturerItemDescription>
      <UnitQty>קילוגרמים</UnitQty>
      <Quantity>0.00</Quantity>
      <bIsWeighted>1</bIsWeighted>
      <UnitOfMeasure>ק"ג</UnitOfMeasure>
      <QtyInPackage>0</QtyInPackage>
      <ItemPrice>59.40</ItemPrice>
      <UnitOfMeasurePrice>59.40</UnitOfMeasurePrice>
      <AllowDiscount>1</AllowDiscount>
      <ItemStatus>0</ItemStatus>
    </Item>
    <Item>
      <PriceUpdateDate>2016-03-17 10:20</PriceUpdateDate>
      <ItemCode>7290000966410</ItemCode>
      <ItemType>0</ItemType>
      <ItemName>שסק</ItemName>
      <ManufacturerName>קטיף</ManufacturerName>
      <ManufactureCountry>IL</ManufactureCountry>
      <ManufacturerItemDescription>שסק</ManufacturerItemDescription>
      <UnitQty>קילוגרמים</UnitQty>
      <Quantity>0.00</Quantity>
      <bIsWeighted>1</bIsWeighted>
      <UnitOfMeasure>ק"ג</UnitOfMeasure>
      <QtyInPackage>0</QtyInPackage>
      <ItemPrice>29.90</ItemPrice>
      <UnitOfMeasurePrice>29.90</UnitOfMeasurePrice>
      <AllowDiscount>1</AllowDiscount>
      <ItemStatus>0</ItemStatus>
    </Item>
    <Item>
      <PriceUpdateDate>2016-03-17 13:34</PriceUpdateDate>
      <ItemCode>7290000992518</ItemCode>
      <ItemType>0</ItemType>
      <ItemName>תפו"ע גולייט אורגני משקל</ItemName>
      <ManufacturerName>.</ManufacturerName>
      <ManufactureCountry>IL</ManufactureCountry>
      <ManufacturerItemDescription>תפו"ע גולייט אור</ManufacturerItemDescription>
      <UnitQty>קילוגרמים</UnitQty>
      <Quantity>0.00</Quantity>
      <bIsWeighted>1</bIsWeighted>
      <UnitOfMeasure>ק"ג</UnitOfMeasure>
      <QtyInPackage>0</QtyInPackage>
      <ItemPrice>21.90</ItemPrice>
      <UnitOfMeasurePrice>21.90</UnitOfMeasurePrice>
      <AllowDiscount>1</AllowDiscount>
      <ItemStatus>1</ItemStatus>
    </Item>
    <Item>
      <PriceUpdateDate>2016-03-18 00:06</PriceUpdateDate>
      <ItemCode>7290001209042</ItemCode>
      <ItemType>1</ItemType>
      <ItemName>רוסטביף עגל רשת עטרה לקג</ItemName>
      <ManufacturerName>עטרה</ManufacturerName>
      <ManufactureCountry>IL</ManufactureCountry>
      <ManufacturerItemDescription>רוסטביף עגל רשת עטרה לקג</ManufacturerItemDescription>
      <UnitQty>קילוגרמים</UnitQty>
      <Quantity>0.00</Quantity>
      <bIsWeighted>1</bIsWeighted>
      <UnitOfMeasure>ק"ג</UnitOfMeasure>
      <QtyInPackage>0</QtyInPackage>
      <ItemPrice>59.40</ItemPrice>
      <UnitOfMeasurePrice>59.40</UnitOfMeasurePrice>
      <AllowDiscount>1</AllowDiscount>
      <ItemStatus>1</ItemStatus>
    </Item>
    <Item>
      <PriceUpdateDate>2016-03-18 00:05</PriceUpdateDate>
      <ItemCode>7290001209158</ItemCode>
      <ItemType>1</ItemType>
      <ItemName>שניצל עוף פרוס עטרה קפוא</ItemName>
      <ManufacturerName>שונות</ManufacturerName>
      <ManufactureCountry>IL</ManufactureCountry>
      <ManufacturerItemDescription>שניצל עוף פרוס עטרה קפוא</ManufacturerItemDescription>
      <UnitQty>קילוגרמים</UnitQty>
      <Quantity>0.00</Quantity>
      <bIsWeighted>1</bIsWeighted>
      <UnitOfMeasure>ק"ג</UnitOfMeasure>
      <QtyInPackage>0</QtyInPackage>
      <ItemPrice>37.60</ItemPrice>
      <UnitOfMeasurePrice>37.60</UnitOfMeasurePrice>
      <AllowDiscount>1</AllowDiscount>
      <ItemStatus>0</ItemStatus>
    </Item>
    <Item>
      <PriceUpdateDate>2016-03-18 00:05</PriceUpdateDate>
      <ItemCode>7290001209349</ItemCode>
      <ItemType>1</ItemType>
      <ItemName>עוף טרי ארוז עטרה</ItemName>
      <ManufacturerName>שונות</ManufacturerName>
      <ManufactureCountry>IL</ManufactureCountry>
      <ManufacturerItemDescription>עוף טרי עטרה</ManufacturerItemDescription>
      <UnitQty>קילוגרמים</UnitQty>
      <Quantity>0.00</Quantity>
      <bIsWeighted>1</bIsWeighted>
      <UnitOfMeasure>ק"ג</UnitOfMeasure>
      <QtyInPackage>0</QtyInPackage>
      <ItemPrice>28.70</ItemPrice>
      <UnitOfMeasurePrice>28.70</UnitOfMeasurePrice>
      <AllowDiscount>1</AllowDiscount>
      <ItemStatus>1</ItemStatus>
    </Item>
    <Item>
      <PriceUpdateDate>2016-03-18 00:05</PriceUpdateDate>
      <ItemCode>7290001209363</ItemCode>
      <ItemType>1</ItemType>
      <ItemName>שניצל עוף טרי ארוז עטרה</ItemName>
      <ManufacturerName>שונות</ManufacturerName>
      <ManufactureCountry>IL</ManufactureCountry>
      <ManufacturerItemDescription>שניצל ע.טרי עטרה</ManufacturerItemDescription>
      <UnitQty>קילוגרמים</UnitQty>
      <Quantity>0.00</Quantity>
      <bIsWeighted>1</bIsWeighted>
      <UnitOfMeasure>ק"ג</UnitOfMeasure>
      <QtyInPackage>0</QtyInPackage>
      <ItemPrice>41.50</ItemPrice>
      <UnitOfMeasurePrice>41.50</UnitOfMeasurePrice>
      <AllowDiscount>1</AllowDiscount>
      <ItemStatus>1</ItemStatus>
    </Item>
    <Item>
      <PriceUpdateDate>2016-03-18 00:05</PriceUpdateDate>
      <ItemCode>7290001274422</ItemCode>
      <ItemType>1</ItemType>
      <ItemName>מאגדת מצופה שוקו\בננ 8 י</ItemName>
      <ManufacturerName>גלידות פלדמן</ManufacturerName>
      <ManufactureCountry>IL</ManufactureCountry>
      <ManufacturerItemDescription>מאגדת בליסימו</ManufacturerItemDescription>
      <UnitQty>יחידה</UnitQty>
      <Quantity>1.00</Quantity>
      <bIsWeighted>0</bIsWeighted>
      <UnitOfMeasure>יחידה</UnitOfMeasure>
      <QtyInPackage>0</QtyInPackage>
      <ItemPrice>19.80</ItemPrice>
      <UnitOfMeasurePrice>19.80</UnitOfMeasurePrice>
      <AllowDiscount>1</AllowDiscount>
      <ItemStatus>0</ItemStatus>
    </Item>
    <Item>
      <PriceUpdateDate>2016-03-18 00:05</PriceUpdateDate>
      <ItemCode>7290001361085</ItemCode>
      <ItemType>1</ItemType>
      <ItemName>עוגת נפולאון 600 גרם</ItemName>
      <ManufacturerName>נטלי</ManufacturerName>
      <ManufactureCountry>IL</ManufactureCountry>
      <ManufacturerItemDescription>עוגת נפולאון 600 גרם</ManufacturerItemDescription>
      <UnitQty>גרמים</UnitQty>
      <Quantity>600.00</Quantity>
      <bIsWeighted>0</bIsWeighted>
      <UnitOfMeasure>100 גרם</UnitOfMeasure>
      <QtyInPackage>0</QtyInPackage>
      <ItemPrice>34.90</ItemPrice>
      <UnitOfMeasurePrice>5.82</UnitOfMeasurePrice>
      <AllowDiscount>1</AllowDiscount>
      <ItemStatus>1</ItemStatus>
    </Item>
    <Item>
      <PriceUpdateDate>2016-03-18 00:05</PriceUpdateDate>
      <ItemCode>7290001361894</ItemCode>
      <ItemType>1</ItemType>
      <ItemName>פס טראפל שוקולד 450 גרם</ItemName>
      <ManufacturerName>נטלי</ManufacturerName>
      <ManufactureCountry>IL</ManufactureCountry>
      <ManufacturerItemDescription>פס טראפל שוקולד</ManufacturerItemDescription>
      <UnitQty>גרמים</UnitQty>
      <Quantity>450.00</Quantity>
      <bIsWeighted>0</bIsWeighted>
      <UnitOfMeasure>100 גרם</UnitOfMeasure>
      <QtyInPackage>0</QtyInPackage>
      <ItemPrice>30.60</ItemPrice>
      <UnitOfMeasurePrice>6.80</UnitOfMeasurePrice>
      <AllowDiscount>1</AllowDiscount>
      <ItemStatus>1</ItemStatus>
    </Item>
    <Item>
      <PriceUpdateDate>2016-03-18 00:05</PriceUpdateDate>
      <ItemCode>7290002026358</ItemCode>
      <ItemType>1</ItemType>
      <ItemName>ציפס בטטה זיג זג 500 גרם</ItemName>
      <ManufacturerName>מוצרי איכות אמריקאיים</ManufacturerName>
      <ManufactureCountry>IL</ManufactureCountry>
      <ManufacturerItemDescription>ציפס בטטה זיג זג</ManufacturerItemDescription>
      <UnitQty>גרמים</UnitQty>
      <Quantity>500.00</Quantity>
      <bIsWeighted>0</bIsWeighted>
      <UnitOfMeasure>100 גרם</UnitOfMeasure>
      <QtyInPackage>1</QtyInPackage>
      <ItemPrice>19.70</ItemPrice>
      <UnitOfMeasurePrice>3.94</UnitOfMeasurePrice>
      <AllowDiscount>1</AllowDiscount>
      <ItemStatus>1</ItemStatus>
    </Item>
    <Item>
      <PriceUpdateDate>2016-03-18 00:05</PriceUpdateDate>
      <ItemCode>7290002079613</ItemCode>
      <ItemType>1</ItemType>
      <ItemName>חלה מתוק.קלועה 500ג 250</ItemName>
      <ManufacturerName>מאפיית דוידוביץ</ManufacturerName>
      <ManufactureCountry>IL</ManufactureCountry>
      <ManufacturerItemDescription>חלה מתוקה קלועה</ManufacturerItemDescription>
      <UnitQty>גרמים</UnitQty>
      <Quantity>500.00</Quantity>
      <bIsWeighted>0</bIsWeighted>
      <UnitOfMeasure>100 גרם</UnitOfMeasure>
      <QtyInPackage>0</QtyInPackage>
      <ItemPrice>12.90</ItemPrice>
      <UnitOfMeasurePrice>2.58</UnitOfMeasurePrice>
      <AllowDiscount>1</AllowDiscount>
      <ItemStatus>1</ItemStatus>
    </Item>
    <Item>
      <PriceUpdateDate>2016-03-18 00:06</PriceUpdateDate>
      <ItemCode>7290002410713</ItemCode>
      <ItemType>1</ItemType>
      <ItemName>קישקע ממולא קפוא 500גרם</ItemName>
      <ManufacturerName>לאטי עזרא</ManufacturerName>
      <ManufactureCountry>IL</ManufactureCountry>
      <ManufacturerItemDescription>קישקע ממולא קפוא 500גרם</ManufacturerItemDescription>
      <UnitQty>גרמים</UnitQty>
      <Quantity>500.00</Quantity>
      <bIsWeighted>0</bIsWeighted>
      <UnitOfMeasure>100 גרם</UnitOfMeasure>
      <QtyInPackage>0</QtyInPackage>
      <ItemPrice>14.80</ItemPrice>
      <UnitOfMeasurePrice>2.96</UnitOfMeasurePrice>
      <AllowDiscount>1</AllowDiscount>
      <ItemStatus>1</ItemStatus>
    </Item>
    <Item>
      <PriceUpdateDate>2016-03-18 00:05</PriceUpdateDate>
      <ItemCode>7290002517863</ItemCode>
      <ItemType>1</ItemType>
      <ItemName>ציפורן טחון 40 גרם</ItemName>
      <ManufacturerName>תבליני טעם וריח</ManufacturerName>
      <ManufactureCountry>IL</ManufactureCountry>
      <ManufacturerItemDescription>ציפורן טחון</ManufacturerItemDescription>
      <UnitQty>גרמים</UnitQty>
      <Quantity>40.00</Quantity>
      <bIsWeighted>0</bIsWeighted>
      <UnitOfMeasure>100 גרם</UnitOfMeasure>
      <QtyInPackage>0</QtyInPackage>
      <ItemPrice>11.80</ItemPrice>
      <UnitOfMeasurePrice>29.50</UnitOfMeasurePrice>
      <AllowDiscount>1</AllowDiscount>
      <ItemStatus>0</ItemStatus>
    </Item>
    <Item>
      <PriceUpdateDate>2016-03-18 00:05</PriceUpdateDate>
      <ItemCode>7290002730958</ItemCode>
      <ItemType>1</ItemType>
      <ItemName>סב.פלמוליב ירוק 100*4 גר</ItemName>
      <ManufacturerName>קולגייט-פלמוליב</ManufacturerName>
      <ManufactureCountry>TR</ManufactureCountry>
      <ManufacturerItemDescription>סבון פלמוליב 4יח</ManufacturerItemDescription>
      <UnitQty>גרמים</UnitQty>
      <Quantity>400.00</Quantity>
      <bIsWeighted>0</bIsWeighted>
      <UnitOfMeasure>100 גרם</UnitOfMeasure>
      <QtyInPackage>0</QtyInPackage>
      <ItemPrice>16.80</ItemPrice>
      <UnitOfMeasurePrice>4.20</UnitOfMeasurePrice>
      <AllowDiscount>1</AllowDiscount>
      <ItemStatus>1</ItemStatus>
    </Item>
    <Item>
      <PriceUpdateDate>2016-03-18 00:05</PriceUpdateDate>
      <ItemCode>7290002909514</ItemCode>
      <ItemType>1</ItemType>
      <ItemName>סטייק טונה קפוא קג</ItemName>
      <ManufacturerName>בלדי</ManufacturerName>
      <ManufactureCountry>IL</ManufactureCountry>
      <ManufacturerItemDescription>סטייק טונה</ManufacturerItemDescription>
      <UnitQty>קילוגרמים</UnitQty>
      <Quantity>0.00</Quantity>
      <bIsWeighted>1</bIsWeighted>
      <UnitOfMeasure>ק"ג</UnitOfMeasure>
      <QtyInPackage>1</QtyInPackage>
      <ItemPrice>39.60</ItemPrice>
      <UnitOfMeasurePrice>39.60</UnitOfMeasurePrice>
      <AllowDiscount>1</AllowDiscount>
      <ItemStatus>1</ItemStatus>
    </Item>
    <Item>
      <PriceUpdateDate>2016-03-18 00:05</PriceUpdateDate>
      <ItemCode>7290002939153</ItemCode>
      <ItemType>1</ItemType>
      <ItemName>שווארמה הודו זכר טרי עטר</ItemName>
      <ManufacturerName>שונות</ManufacturerName>
      <ManufactureCountry>IL</ManufactureCountry>
      <ManufacturerItemDescription>שווארמה הודו</ManufacturerItemDescription>
      <UnitQty>גרמים</UnitQty>
      <Quantity>0.00</Quantity>
      <bIsWeighted>1</bIsWeighted>
      <UnitOfMeasure>ק"ג</UnitOfMeasure>
      <QtyInPackage>0</QtyInPackage>
      <ItemPrice>57.40</ItemPrice>
      <UnitOfMeasurePrice>57.40</UnitOfMeasurePrice>
      <AllowDiscount>1</AllowDiscount>
      <ItemStatus>1</ItemStatus>
    </Item>
    <Item>
      <PriceUpdateDate>2016-03-18 00:05</PriceUpdateDate>
      <ItemCode>7290002939177</ItemCode>
      <ItemType>1</ItemType>
      <ItemName>גרון הודו טרי ארוז עטרה</ItemName>
      <ManufacturerName>שונות</ManufacturerName>
      <ManufactureCountry>IL</ManufactureCountry>
      <ManufacturerItemDescription>גרון הודו טרי</ManufacturerItemDescription>
      <UnitQty>קילוגרמים</UnitQty>
      <Quantity>0.00</Quantity>
      <bIsWeighted>1</bIsWeighted>
      <UnitOfMeasure>ק"ג</UnitOfMeasure>
      <QtyInPackage>0</QtyInPackage>
      <ItemPrice>27.70</ItemPrice>
      <UnitOfMeasurePrice>27.70</UnitOfMeasurePrice>
      <AllowDiscount>1</AllowDiscount>
      <ItemStatus>1</ItemStatus>
    </Item>
    <Item>
      <PriceUpdateDate>2016-03-18 00:05</PriceUpdateDate>
      <ItemCode>7290003006182</ItemCode>
      <ItemType>1</ItemType>
      <ItemName>פינצ'וס פלפלונים+גב.משקל</ItemName>
      <ManufacturerName>גבינות עמיר ניצן</ManufacturerName>
      <ManufactureCountry>IL</ManufactureCountry>
      <ManufacturerItemDescription>פינצ'וס פלפלונים+גב.משקל</ManufacturerItemDescription>
      <UnitQty>קילוגרמים</UnitQty>
      <Quantity>0.00</Quantity>
      <bIsWeighted>1</bIsWeighted>
      <UnitOfMeasure>ק"ג</UnitOfMeasure>
      <QtyInPackage>0</QtyInPackage>
      <ItemPrice>170.00</ItemPrice>
      <UnitOfMeasurePrice>170.00</UnitOfMeasurePrice>
      <AllowDiscount>1</AllowDiscount>
      <ItemStatus>1</ItemStatus>
    </Item>
    <Item>
      <PriceUpdateDate>2016-03-18 00:05</PriceUpdateDate>
      <ItemCode>7290003075201</ItemCode>
      <ItemType>1</ItemType>
      <ItemName>כדורי לבנה במשקל</ItemName>
      <ManufacturerName>מחלבת רג'ב</ManufacturerName>
      <ManufactureCountry>IL</ManufactureCountry>
      <ManufacturerItemDescription>כדורי לבנה במשקל</ManufacturerItemDescription>
      <UnitQty>קילוגרמים</UnitQty>
      <Quantity>0.00</Quantity>
      <bIsWeighted>1</bIsWeighted>
      <UnitOfMeasure>ק"ג</UnitOfMeasure>
      <QtyInPackage>0</QtyInPackage>
      <ItemPrice>81.00</ItemPrice>
      <UnitOfMeasurePrice>81.00</UnitOfMeasurePrice>
      <AllowDiscount>1</AllowDiscount>
      <ItemStatus>0</ItemStatus>
    </Item>
    <Item>
      <PriceUpdateDate>2016-03-18 00:05</PriceUpdateDate>
      <ItemCode>7290004063184</ItemCode>
      <ItemType>1</ItemType>
      <ItemName>מלח הארץ הים האדום 250 ג</ItemName>
      <ManufacturerName>תעשיות מלח לישראל</ManufacturerName>
      <ManufactureCountry>IL</ManufactureCountry>
      <ManufacturerItemDescription>מלח הארץ 250 גרם</ManufacturerItemDescription>
      <UnitQty>גרמים</UnitQty>
      <Quantity>250.00</Quantity>
      <bIsWeighted>0</bIsWeighted>
      <UnitOfMeasure>100 גרם</UnitOfMeasure>
      <QtyInPackage>0</QtyInPackage>
      <ItemPrice>3.90</ItemPrice>
      <UnitOfMeasurePrice>1.56</UnitOfMeasurePrice>
      <AllowDiscount>1</AllowDiscount>
      <ItemStatus>1</ItemStatus>
    </Item>
    <Item>
      <PriceUpdateDate>2016-03-18 00:05</PriceUpdateDate>
      <ItemCode>7290004263096</ItemCode>
      <ItemType>1</ItemType>
      <ItemName>צלי כתף מעובד יוסף מחיר</ItemName>
      <ManufacturerName>עטרה</ManufacturerName>
      <ManufactureCountry>IL</ManufactureCountry>
      <ManufacturerItemDescription>צלי כתף מעובד</ManufacturerItemDescription>
      <UnitQty>קילוגרמים</UnitQty>
      <Quantity>0.00</Quantity>
      <bIsWeighted>1</bIsWeighted>
      <UnitOfMeasure>ק"ג</UnitOfMeasure>
      <QtyInPackage>0</QtyInPackage>
      <ItemPrice>48.50</ItemPrice>
      <UnitOfMeasurePrice>48.50</UnitOfMeasurePrice>
      <AllowDiscount>1</AllowDiscount>
      <ItemStatus>0</ItemStatus>
    </Item>
    <Item>
      <PriceUpdateDate>2016-03-18 00:05</PriceUpdateDate>
      <ItemCode>7290004872779</ItemCode>
      <ItemType>1</ItemType>
      <ItemName>קרחוני פרילי שישיה כשלפ</ItemName>
      <ManufacturerName>נסטלה</ManufacturerName>
      <ManufactureCountry>IL</ManufactureCountry>
      <ManufacturerItemDescription>קרחוני פרילי שישיה כשלפ</ManufacturerItemDescription>
      <UnitQty>גרמים</UnitQty>
      <Quantity>468.00</Quantity>
      <bIsWeighted>0</bIsWeighted>
      <UnitOfMeasure>100 גרם</UnitOfMeasure>
      <QtyInPackage>0</QtyInPackage>
      <ItemPrice>23.10</ItemPrice>
      <UnitOfMeasurePrice>4.94</UnitOfMeasurePrice>
      <AllowDiscount>1</AllowDiscount>
      <ItemStatus>0</ItemStatus>
    </Item>
    <Item>
      <PriceUpdateDate>2016-03-18 00:05</PriceUpdateDate>
      <ItemCode>7290005271779</ItemCode>
      <ItemType>1</ItemType>
      <ItemName>ביצים ארוז30יח L</ItemName>
      <ManufacturerName />
      <ManufactureCountry>IL</ManufactureCountry>
      <ManufacturerItemDescription>ביצים ארוז30יח L</ManufacturerItemDescription>
      <UnitQty>יחידה</UnitQty>
      <Quantity>1.00</Quantity>
      <bIsWeighted>0</bIsWeighted>
      <UnitOfMeasure>יחידה</UnitOfMeasure>
      <QtyInPackage>0</QtyInPackage>
      <ItemPrice>28.62</ItemPrice>
      <UnitOfMeasurePrice>28.62</UnitOfMeasurePrice>
      <AllowDiscount>1</AllowDiscount>
      <ItemStatus>0</ItemStatus>
    </Item>
    <Item>
      <PriceUpdateDate>2016-03-18 00:06</PriceUpdateDate>
      <ItemCode>7290005425783</ItemCode>
      <ItemType>1</ItemType>
      <ItemName>קרם גוף קרמה קלאסי 500מל</ItemName>
      <ManufacturerName>קוסמופארם</ManufacturerName>
      <ManufactureCountry>IL</ManufactureCountry>
      <ManufacturerItemDescription>קרם גוף קרמה</ManufacturerItemDescription>
      <UnitQty>מיליליטרים</UnitQty>
      <Quantity>500.00</Quantity>
      <bIsWeighted>0</bIsWeighted>
      <UnitOfMeasure>100 מ"ל</UnitOfMeasure>
      <QtyInPackage>0</QtyInPackage>
      <ItemPrice>21.70</ItemPrice>
      <UnitOfMeasurePrice>4.34</UnitOfMeasurePrice>
      <AllowDiscount>1</AllowDiscount>
      <ItemStatus>1</ItemStatus>
    </Item>
    <Item>
      <PriceUpdateDate>2016-03-18 00:05</PriceUpdateDate>
      <ItemCode>7290005426964</ItemCode>
      <ItemType>1</ItemType>
      <ItemName>סנובון כחול אפרסק 50*3ג</ItemName>
      <ManufacturerName>סנו</ManufacturerName>
      <ManufactureCountry>IL</ManufactureCountry>
      <ManufacturerItemDescription>סנובון שלישיה</ManufacturerItemDescription>
      <UnitQty>גרמים</UnitQty>
      <Quantity>150.00</Quantity>
      <bIsWeighted>0</bIsWeighted>
      <UnitOfMeasure>100 גרם</UnitOfMeasure>
      <QtyInPackage>0</QtyInPackage>
      <ItemPrice>15.90</ItemPrice>
      <UnitOfMeasurePrice>10.60</UnitOfMeasurePrice>
      <AllowDiscount>1</AllowDiscount>
      <ItemStatus>1</ItemStatus>
    </Item>
    <Item>
      <PriceUpdateDate>2016-03-18 00:05</PriceUpdateDate>
      <ItemCode>7290006494832</ItemCode>
      <ItemType>1</ItemType>
      <ItemName>קונפיטורה מישמש 304 גרם</ItemName>
      <ManufacturerName>מטרנה מעבדות</ManufacturerName>
      <ManufactureCountry />
      <ManufacturerItemDescription>קונפיטורה מישמש</ManufacturerItemDescription>
      <UnitQty>גרמים</UnitQty>
      <Quantity>304.00</Quantity>
      <bIsWeighted>0</bIsWeighted>
      <UnitOfMeasure>100 גרם</UnitOfMeasure>
      <QtyInPackage>0</QtyInPackage>
      <ItemPrice>19.50</ItemPrice>
      <UnitOfMeasurePrice>6.41</UnitOfMeasurePrice>
      <AllowDiscount>1</AllowDiscount>
      <ItemStatus>1</ItemStatus>
    </Item>
    <Item>
      <PriceUpdateDate>2016-03-18 00:05</PriceUpdateDate>
      <ItemCode>7290006784360</ItemCode>
      <ItemType>1</ItemType>
      <ItemName>מרסס חלונית ס.מוריץ1ליטר</ItemName>
      <ManufacturerName>קומפלקס כימיקלים</ManufacturerName>
      <ManufactureCountry>IL</ManufactureCountry>
      <ManufacturerItemDescription>מרסס חלונית</ManufacturerItemDescription>
      <UnitQty>ליטרים</UnitQty>
      <Quantity>1.00</Quantity>
      <bIsWeighted>0</bIsWeighted>
      <UnitOfMeasure>ליטר</UnitOfMeasure>
      <QtyInPackage>0</QtyInPackage>
      <ItemPrice>6.60</ItemPrice>
      <UnitOfMeasurePrice>6.60</UnitOfMeasurePrice>
      <AllowDiscount>1</AllowDiscount>
      <ItemStatus>1</ItemStatus>
    </Item>
    <Item>
      <PriceUpdateDate>2016-03-18 00:06</PriceUpdateDate>
      <ItemCode>7290008336772</ItemCode>
      <ItemType>1</ItemType>
      <ItemName>גידים חלק קפוא מחיר לפי</ItemName>
      <ManufacturerName>נטו</ManufacturerName>
      <ManufactureCountry>IL</ManufactureCountry>
      <ManufacturerItemDescription>גידים קפוא</ManufacturerItemDescription>
      <UnitQty>קילוגרמים</UnitQty>
      <Quantity>0.00</Quantity>
      <bIsWeighted>1</bIsWeighted>
      <UnitOfMeasure>ק"ג</UnitOfMeasure>
      <QtyInPackage>0</QtyInPackage>
      <ItemPrice>39.90</ItemPrice>
      <UnitOfMeasurePrice>39.90</UnitOfMeasurePrice>
      <AllowDiscount>1</AllowDiscount>
      <ItemStatus>1</ItemStatus>
    </Item>
    <Item>
      <PriceUpdateDate>2016-03-18 00:05</PriceUpdateDate>
      <ItemCode>7290008469579</ItemCode>
      <ItemType>1</ItemType>
      <ItemName>בשר מדומה 6 מוכשר בוני ק</ItemName>
      <ManufacturerName>לחוביץ</ManufacturerName>
      <ManufactureCountry>XX</ManufactureCountry>
      <ManufacturerItemDescription>בשר מדומה 6 מוכשר בוני ק</ManufacturerItemDescription>
      <UnitQty>קילוגרמים</UnitQty>
      <Quantity>0.00</Quantity>
      <bIsWeighted>1</bIsWeighted>
      <UnitOfMeasure>ק"ג</UnitOfMeasure>
      <QtyInPackage>0</QtyInPackage>
      <ItemPrice>49.50</ItemPrice>
      <UnitOfMeasurePrice>49.50</UnitOfMeasurePrice>
      <AllowDiscount>1</AllowDiscount>
      <ItemStatus>1</ItemStatus>
    </Item>
    <Item>
      <PriceUpdateDate>2016-03-18 00:05</PriceUpdateDate>
      <ItemCode>7290008670029</ItemCode>
      <ItemType>1</ItemType>
      <ItemName>יין רקנאטי מרלו</ItemName>
      <ManufacturerName />
      <ManufactureCountry>IL</ManufactureCountry>
      <ManufacturerItemDescription>יין רקנאטי מרלו</ManufacturerItemDescription>
      <UnitQty>מיליליטרים</UnitQty>
      <Quantity>750.00</Quantity>
      <bIsWeighted>0</bIsWeighted>
      <UnitOfMeasure>100 מ"ל</UnitOfMeasure>
      <QtyInPackage>0</QtyInPackage>
      <ItemPrice>49.90</ItemPrice>
      <UnitOfMeasurePrice>6.65</UnitOfMeasurePrice>
      <AllowDiscount>1</AllowDiscount>
      <ItemStatus>1</ItemStatus>
    </Item>
    <Item>
      <PriceUpdateDate>2016-03-18 00:06</PriceUpdateDate>
      <ItemCode>7290009399431</ItemCode>
      <ItemType>0</ItemType>
      <ItemName>עוגיות שיבולת שועל במשקל</ItemName>
      <ManufacturerName>גידרון</ManufacturerName>
      <ManufactureCountry>IL</ManufactureCountry>
      <ManufacturerItemDescription>עוגיות ש.שועל</ManufacturerItemDescription>
      <UnitQty>קילוגרמים</UnitQty>
      <Quantity>0.00</Quantity>
      <bIsWeighted>1</bIsWeighted>
      <UnitOfMeasure>ק"ג</UnitOfMeasure>
      <QtyInPackage>0</QtyInPackage>
      <ItemPrice>39.00</ItemPrice>
      <UnitOfMeasurePrice>39.00</UnitOfMeasurePrice>
      <AllowDiscount>1</AllowDiscount>
      <ItemStatus>1</ItemStatus>
    </Item>
    <Item>
      <PriceUpdateDate>2016-03-18 00:05</PriceUpdateDate>
      <ItemCode>7290009811513</ItemCode>
      <ItemType>0</ItemType>
      <ItemName>פרגיות עוף טרי ארוז עצמי</ItemName>
      <ManufacturerName>.</ManufacturerName>
      <ManufactureCountry>IL</ManufactureCountry>
      <ManufacturerItemDescription>פרגיות עוף טרי</ManufacturerItemDescription>
      <UnitQty>קילוגרמים</UnitQty>
      <Quantity>0.00</Quantity>
      <bIsWeighted>1</bIsWeighted>
      <UnitOfMeasure>ק"ג</UnitOfMeasure>
      <QtyInPackage>1</QtyInPackage>
      <ItemPrice>54.90</ItemPrice>
      <UnitOfMeasurePrice>54.90</UnitOfMeasurePrice>
      <AllowDiscount>1</AllowDiscount>
      <ItemStatus>0</ItemStatus>
    </Item>
    <Item>
      <PriceUpdateDate>2016-03-18 00:06</PriceUpdateDate>
      <ItemCode>7290009955729</ItemCode>
      <ItemType>0</ItemType>
      <ItemName>גבינה צהובה26%פולין משקל</ItemName>
      <ManufacturerName>MLEKOVITA</ManufacturerName>
      <ManufactureCountry>PL</ManufactureCountry>
      <ManufacturerItemDescription>גבינה צהובה 26%</ManufacturerItemDescription>
      <UnitQty>קילוגרמים</UnitQty>
      <Quantity>0.00</Quantity>
      <bIsWeighted>1</bIsWeighted>
      <UnitOfMeasure>ק"ג</UnitOfMeasure>
      <QtyInPackage>1</QtyInPackage>
      <ItemPrice>32.00</ItemPrice>
      <UnitOfMeasurePrice>32.00</UnitOfMeasurePrice>
      <AllowDiscount>1</AllowDiscount>
      <ItemStatus>1</ItemStatus>
    </Item>
    <Item>
      <PriceUpdateDate>2016-03-18 00:06</PriceUpdateDate>
      <ItemCode>7290009955743</ItemCode>
      <ItemType>0</ItemType>
      <ItemName>גבינת גאודה28%פולין משקל</ItemName>
      <ManufacturerName>MLEKOVITA</ManufacturerName>
      <ManufactureCountry>PL</ManufactureCountry>
      <ManufacturerItemDescription>גבינת גאודה 28%</ManufacturerItemDescription>
      <UnitQty>קילוגרמים</UnitQty>
      <Quantity>0.00</Quantity>
      <bIsWeighted>1</bIsWeighted>
      <UnitOfMeasure>ק"ג</UnitOfMeasure>
      <QtyInPackage>1</QtyInPackage>
      <ItemPrice>32.00</ItemPrice>
      <UnitOfMeasurePrice>32.00</UnitOfMeasurePrice>
      <AllowDiscount>1</AllowDiscount>
      <ItemStatus>1</ItemStatus>
    </Item>
    <Item>
      <PriceUpdateDate>2016-03-18 00:06</PriceUpdateDate>
      <ItemCode>7290010129072</ItemCode>
      <ItemType>1</ItemType>
      <ItemName>עוגיות סנדוויץ ריבה 600ג</ItemName>
      <ManufacturerName>דולצ'ה ויטה</ManufacturerName>
      <ManufactureCountry>IL</ManufactureCountry>
      <ManufacturerItemDescription>עוגיות סנדוויץ</ManufacturerItemDescription>
      <UnitQty>גרמים</UnitQty>
      <Quantity>600.00</Quantity>
      <bIsWeighted>0</bIsWeighted>
      <UnitOfMeasure>100 גרם</UnitOfMeasure>
      <QtyInPackage>0</QtyInPackage>
      <ItemPrice>17.90</ItemPrice>
      <UnitOfMeasurePrice>2.98</UnitOfMeasurePrice>
      <AllowDiscount>1</AllowDiscount>
      <ItemStatus>0</ItemStatus>
    </Item>
    <Item>
      <PriceUpdateDate>2016-03-18 00:05</PriceUpdateDate>
      <ItemCode>7290010650002</ItemCode>
      <ItemType>1</ItemType>
      <ItemName>פטריות יער טריות -יחידה</ItemName>
      <ManufacturerName>חוות פטריות תקוע</ManufacturerName>
      <ManufactureCountry>IL</ManufactureCountry>
      <ManufacturerItemDescription>פטריות יער</ManufacturerItemDescription>
      <UnitQty>יחידה</UnitQty>
      <Quantity>1.00</Quantity>
      <bIsWeighted>0</bIsWeighted>
      <UnitOfMeasure>יחידה</UnitOfMeasure>
      <QtyInPackage>0</QtyInPackage>
      <ItemPrice>12.00</ItemPrice>
      <UnitOfMeasurePrice>12.00</UnitOfMeasurePrice>
      <AllowDiscount>1</AllowDiscount>
      <ItemStatus>0</ItemStatus>
    </Item>
    <Item>
      <PriceUpdateDate>2016-03-18 00:06</PriceUpdateDate>
      <ItemCode>7290011110017</ItemCode>
      <ItemType>1</ItemType>
      <ItemName>עלי חסה רומית -יח'</ItemName>
      <ManufacturerName>יגור חקלאות ועסקים</ManufacturerName>
      <ManufactureCountry>IL</ManufactureCountry>
      <ManufacturerItemDescription>עלי חסה-יח'</ManufacturerItemDescription>
      <UnitQty>יחידה</UnitQty>
      <Quantity>1.00</Quantity>
      <bIsWeighted>0</bIsWeighted>
      <UnitOfMeasure>יחידה</UnitOfMeasure>
      <QtyInPackage>0</QtyInPackage>
      <ItemPrice>9.00</ItemPrice>
      <UnitOfMeasurePrice>9.00</UnitOfMeasurePrice>
      <AllowDiscount>1</AllowDiscount>
      <ItemStatus>1</ItemStatus>
    </Item>
    <Item>
      <PriceUpdateDate>2016-03-18 00:05</PriceUpdateDate>
      <ItemCode>7290011131340</ItemCode>
      <ItemType>1</ItemType>
      <ItemName>גרנולה פקאן 500 גרם</ItemName>
      <ManufacturerName>וויטליה</ManufacturerName>
      <ManufactureCountry>IL</ManufactureCountry>
      <ManufacturerItemDescription>גרנולה פקאן</ManufacturerItemDescription>
      <UnitQty>גרמים</UnitQty>
      <Quantity>500.00</Quantity>
      <bIsWeighted>0</bIsWeighted>
      <UnitOfMeasure>100 גרם</UnitOfMeasure>
      <QtyInPackage>0</QtyInPackage>
      <ItemPrice>14.80</ItemPrice>
      <UnitOfMeasurePrice>2.96</UnitOfMeasurePrice>
      <AllowDiscount>1</AllowDiscount>
      <ItemStatus>0</ItemStatus>
    </Item>
    <Item>
      <PriceUpdateDate>2016-03-18 00:05</PriceUpdateDate>
      <ItemCode>7290012028243</ItemCode>
      <ItemType>1</ItemType>
      <ItemName>טבק לגלגול נקסט אורגינל</ItemName>
      <ManufacturerName>פיליפ מוריס</ManufacturerName>
      <ManufactureCountry>IL</ManufactureCountry>
      <ManufacturerItemDescription>טבק לגלגול נקסט</ManufacturerItemDescription>
      <UnitQty>יחידה</UnitQty>
      <Quantity>1.00</Quantity>
      <bIsWeighted>0</bIsWeighted>
      <UnitOfMeasure>יחידה</UnitOfMeasure>
      <QtyInPackage>0</QtyInPackage>
      <ItemPrice>39.90</ItemPrice>
      <UnitOfMeasurePrice>39.90</UnitOfMeasurePrice>
      <AllowDiscount>0</AllowDiscount>
      <ItemStatus>1</ItemStatus>
    </Item>
    <Item>
      <PriceUpdateDate>2016-03-18 00:05</PriceUpdateDate>
      <ItemCode>7290012227172</ItemCode>
      <ItemType>1</ItemType>
      <ItemName>מארז כפרית חרמון 300*2גר</ItemName>
      <ManufacturerName>זוגלובק</ManufacturerName>
      <ManufactureCountry>IL</ManufactureCountry>
      <ManufacturerItemDescription>מארז כפרית חרמון</ManufacturerItemDescription>
      <UnitQty>גרמים</UnitQty>
      <Quantity>600.00</Quantity>
      <bIsWeighted>0</bIsWeighted>
      <UnitOfMeasure>100 גרם</UnitOfMeasure>
      <QtyInPackage>0</QtyInPackage>
      <ItemPrice>33.30</ItemPrice>
      <UnitOfMeasurePrice>5.55</UnitOfMeasurePrice>
      <AllowDiscount>1</AllowDiscount>
      <ItemStatus>0</ItemStatus>
    </Item>
    <Item>
      <PriceUpdateDate>2016-03-18 00:05</PriceUpdateDate>
      <ItemCode>7290012544330</ItemCode>
      <ItemType>1</ItemType>
      <ItemName>בשר מס8'</ItemName>
      <ManufacturerName />
      <ManufactureCountry />
      <ManufacturerItemDescription>בשר מס8'</ManufacturerItemDescription>
      <UnitQty>קילוגרמים</UnitQty>
      <Quantity>0.00</Quantity>
      <bIsWeighted>1</bIsWeighted>
      <UnitOfMeasure>ק"ג</UnitOfMeasure>
      <QtyInPackage>0</QtyInPackage>
      <ItemPrice>38.70</ItemPrice>
      <UnitOfMeasurePrice>38.70</UnitOfMeasurePrice>
      <AllowDiscount>1</AllowDiscount>
      <ItemStatus>1</ItemStatus>
    </Item>
    <Item>
      <PriceUpdateDate>2016-03-18 00:05</PriceUpdateDate>
      <ItemCode>7290012708008</ItemCode>
      <ItemType>1</ItemType>
      <ItemName>בריא לי-מיקס בריאות 400ג</ItemName>
      <ManufacturerName>קטיף</ManufacturerName>
      <ManufactureCountry>IL</ManufactureCountry>
      <ManufacturerItemDescription>בריא לי</ManufacturerItemDescription>
      <UnitQty>גרמים</UnitQty>
      <Quantity>400.00</Quantity>
      <bIsWeighted>0</bIsWeighted>
      <UnitOfMeasure>100 גרם</UnitOfMeasure>
      <QtyInPackage>0</QtyInPackage>
      <ItemPrice>35.60</ItemPrice>
      <UnitOfMeasurePrice>8.90</UnitOfMeasurePrice>
      <AllowDiscount>1</AllowDiscount>
      <ItemStatus>1</ItemStatus>
    </Item>
    <Item>
      <PriceUpdateDate>2016-03-18 00:05</PriceUpdateDate>
      <ItemCode>7290012803734</ItemCode>
      <ItemType>1</ItemType>
      <ItemName>סוכרלוז סטיקים 80 יח</ItemName>
      <ManufacturerName>קליר כימיקלים</ManufacturerName>
      <ManufactureCountry>IL</ManufactureCountry>
      <ManufacturerItemDescription>סוכרלוז סטיקים</ManufacturerItemDescription>
      <UnitQty>יחידה</UnitQty>
      <Quantity>1.00</Quantity>
      <bIsWeighted>0</bIsWeighted>
      <UnitOfMeasure>יחידה</UnitOfMeasure>
      <QtyInPackage>0</QtyInPackage>
      <ItemPrice>24.20</ItemPrice>
      <UnitOfMeasurePrice>24.20</UnitOfMeasurePrice>
      <AllowDiscount>1</AllowDiscount>
      <ItemStatus>1</ItemStatus>
    </Item>
    <Item>
      <PriceUpdateDate>2016-03-18 00:05</PriceUpdateDate>
      <ItemCode>7290013585448</ItemCode>
      <ItemType>1</ItemType>
      <ItemName>בירה ויינשטפן ויטוס330מ</ItemName>
      <ManufacturerName>ויינשטפן</ManufacturerName>
      <ManufactureCountry>DE</ManufactureCountry>
      <ManufacturerItemDescription>בירה ויינשטפן</ManufacturerItemDescription>
      <UnitQty>מיליליטרים</UnitQty>
      <Quantity>330.00</Quantity>
      <bIsWeighted>0</bIsWeighted>
      <UnitOfMeasure>100 מ"ל</UnitOfMeasure>
      <QtyInPackage>1</QtyInPackage>
      <ItemPrice>14.40</ItemPrice>
      <UnitOfMeasurePrice>4.36</UnitOfMeasurePrice>
      <AllowDiscount>1</AllowDiscount>
      <ItemStatus>0</ItemStatus>
    </Item>
    <Item>
      <PriceUpdateDate>2016-03-18 00:05</PriceUpdateDate>
      <ItemCode>7290013608369</ItemCode>
      <ItemType>1</ItemType>
      <ItemName>משקה קל לימונים 3 ליטר</ItemName>
      <ManufacturerName>גניר</ManufacturerName>
      <ManufactureCountry>IL</ManufactureCountry>
      <ManufacturerItemDescription>משקה קל לימונים</ManufacturerItemDescription>
      <UnitQty>ליטרים</UnitQty>
      <Quantity>3.00</Quantity>
      <bIsWeighted>0</bIsWeighted>
      <UnitOfMeasure>ליטר</UnitOfMeasure>
      <QtyInPackage>1</QtyInPackage>
      <ItemPrice>25.00</ItemPrice>
      <UnitOfMeasurePrice>8.33</UnitOfMeasurePrice>
      <AllowDiscount>1</AllowDiscount>
      <ItemStatus>0</ItemStatus>
    </Item>
    <Item>
      <PriceUpdateDate>2016-03-18 00:05</PriceUpdateDate>
      <ItemCode>7290013652782</ItemCode>
      <ItemType>1</ItemType>
      <ItemName>ק.לחות נטורל קר מתולת400</ItemName>
      <ManufacturerName>פישר  מעבדות  פרמצבטיות</ManufacturerName>
      <ManufactureCountry />
      <ManufacturerItemDescription>קרם לחות לשיער</ManufacturerItemDescription>
      <UnitQty>מיליליטרים</UnitQty>
      <Quantity>400.00</Quantity>
      <bIsWeighted>0</bIsWeighted>
      <UnitOfMeasure>100 מ"ל</UnitOfMeasure>
      <QtyInPackage>0</QtyInPackage>
      <ItemPrice>14.90</ItemPrice>
      <UnitOfMeasurePrice>3.73</UnitOfMeasurePrice>
      <AllowDiscount>1</AllowDiscount>
      <ItemStatus>1</ItemStatus>
    </Item>
    <Item>
      <PriceUpdateDate>2016-03-18 00:06</PriceUpdateDate>
      <ItemCode>7290013848949</ItemCode>
      <ItemType>1</ItemType>
      <ItemName>דאו.קרמה סטיק אורכידאה75</ItemName>
      <ManufacturerName>קוסמופארם</ManufacturerName>
      <ManufactureCountry>IL</ManufactureCountry>
      <ManufacturerItemDescription>דאודורנט קרמה</ManufacturerItemDescription>
      <UnitQty>גרמים</UnitQty>
      <Quantity>75.00</Quantity>
      <bIsWeighted>0</bIsWeighted>
      <UnitOfMeasure>100 גרם</UnitOfMeasure>
      <QtyInPackage>0</QtyInPackage>
      <ItemPrice>21.70</ItemPrice>
      <UnitOfMeasurePrice>28.93</UnitOfMeasurePrice>
      <AllowDiscount>1</AllowDiscount>
      <ItemStatus>0</ItemStatus>
    </Item>
    <Item>
      <PriceUpdateDate>2016-03-18 00:06</PriceUpdateDate>
      <ItemCode>7290014016002</ItemCode>
      <ItemType>1</ItemType>
      <ItemName>לחם לבן ל.גלוטן וסויה450</ItemName>
      <ManufacturerName />
      <ManufactureCountry />
      <ManufacturerItemDescription>לחם לבן ל.גלוטן וסויה450</ManufacturerItemDescription>
      <UnitQty>גרמים</UnitQty>
      <Quantity>450.00</Quantity>
      <bIsWeighted>0</bIsWeighted>
      <UnitOfMeasure>100 גרם</UnitOfMeasure>
      <QtyInPackage>0</QtyInPackage>
      <ItemPrice>18.70</ItemPrice>
      <UnitOfMeasurePrice>4.16</UnitOfMeasurePrice>
      <AllowDiscount>1</AllowDiscount>
      <ItemStatus>1</ItemStatus>
    </Item>
    <Item>
      <PriceUpdateDate>2016-03-18 00:06</PriceUpdateDate>
      <ItemCode>7290014016286</ItemCode>
      <ItemType>1</ItemType>
      <ItemName>פיצה מרגריטה זיתים 400 ג</ItemName>
      <ManufacturerName />
      <ManufactureCountry>IL</ManufactureCountry>
      <ManufacturerItemDescription>פיצה מרגריטה זיתים 400 ג</ManufacturerItemDescription>
      <UnitQty>גרמים</UnitQty>
      <Quantity>400.00</Quantity>
      <bIsWeighted>0</bIsWeighted>
      <UnitOfMeasure>100 גרם</UnitOfMeasure>
      <QtyInPackage>0</QtyInPackage>
      <ItemPrice>28.70</ItemPrice>
      <UnitOfMeasurePrice>7.18</UnitOfMeasurePrice>
      <AllowDiscount>1</AllowDiscount>
      <ItemStatus>1</ItemStatus>
    </Item>
    <Item>
      <PriceUpdateDate>2016-03-18 00:05</PriceUpdateDate>
      <ItemCode>7290014016705</ItemCode>
      <ItemType>1</ItemType>
      <ItemName>סהרוני שקדים</ItemName>
      <ManufacturerName />
      <ManufactureCountry />
      <ManufacturerItemDescription>סהרוני שקדים</ManufacturerItemDescription>
      <UnitQty>גרמים</UnitQty>
      <Quantity>200.00</Quantity>
      <bIsWeighted>0</bIsWeighted>
      <UnitOfMeasure>100 גרם</UnitOfMeasure>
      <QtyInPackage>0</QtyInPackage>
      <ItemPrice>21.70</ItemPrice>
      <UnitOfMeasurePrice>10.85</UnitOfMeasurePrice>
      <AllowDiscount>1</AllowDiscount>
      <ItemStatus>1</ItemStatus>
    </Item>
    <Item>
      <PriceUpdateDate>2016-03-18 00:05</PriceUpdateDate>
      <ItemCode>7290014094154</ItemCode>
      <ItemType>1</ItemType>
      <ItemName>בוטן מטוגן 200גרם</ItemName>
      <ManufacturerName>שקדיה</ManufacturerName>
      <ManufactureCountry>IL</ManufactureCountry>
      <ManufacturerItemDescription>בוטן מטוגן</ManufacturerItemDescription>
      <UnitQty>גרמים</UnitQty>
      <Quantity>200.00</Quantity>
      <bIsWeighted>0</bIsWeighted>
      <UnitOfMeasure>100 גרם</UnitOfMeasure>
      <QtyInPackage>0</QtyInPackage>
      <ItemPrice>10.80</ItemPrice>
      <UnitOfMeasurePrice>5.40</UnitOfMeasurePrice>
      <AllowDiscount>1</AllowDiscount>
      <ItemStatus>0</ItemStatus>
    </Item>
    <Item>
      <PriceUpdateDate>2016-03-18 00:05</PriceUpdateDate>
      <ItemCode>7290014095922</ItemCode>
      <ItemType>1</ItemType>
      <ItemName>דבש מפרחי הדר 1 ק"ג</ItemName>
      <ManufacturerName>שקדיה</ManufacturerName>
      <ManufactureCountry>IL</ManufactureCountry>
      <ManufacturerItemDescription>דבש מפרחי הדר</ManufacturerItemDescription>
      <UnitQty>קילוגרמים</UnitQty>
      <Quantity>1.00</Quantity>
      <bIsWeighted>0</bIsWeighted>
      <UnitOfMeasure>ק"ג</UnitOfMeasure>
      <QtyInPackage>0</QtyInPackage>
      <ItemPrice>40.00</ItemPrice>
      <UnitOfMeasurePrice>40.00</UnitOfMeasurePrice>
      <AllowDiscount>1</AllowDiscount>
      <ItemStatus>1</ItemStatus>
    </Item>
    <Item>
      <PriceUpdateDate>2016-03-18 00:05</PriceUpdateDate>
      <ItemCode>7290014455382</ItemCode>
      <ItemType>1</ItemType>
      <ItemName>גבינה צהובה פרוסה9% 200ג</ItemName>
      <ManufacturerName>WLOSZCZOWA</ManufacturerName>
      <ManufactureCountry>PL</ManufactureCountry>
      <ManufacturerItemDescription>גבינה צהובה גד</ManufacturerItemDescription>
      <UnitQty>גרמים</UnitQty>
      <Quantity>200.00</Quantity>
      <bIsWeighted>0</bIsWeighted>
      <UnitOfMeasure>100 גרם</UnitOfMeasure>
      <QtyInPackage>1</QtyInPackage>
      <ItemPrice>13.90</ItemPrice>
      <UnitOfMeasurePrice>6.95</UnitOfMeasurePrice>
      <AllowDiscount>1</AllowDiscount>
      <ItemStatus>0</ItemStatus>
    </Item>
    <Item>
      <PriceUpdateDate>2016-03-18 00:06</PriceUpdateDate>
      <ItemCode>7290014503380</ItemCode>
      <ItemType>1</ItemType>
      <ItemName>יובלים פריים מרלו 750מ"ל</ItemName>
      <ManufacturerName>יקב דלתון</ManufacturerName>
      <ManufactureCountry>IL</ManufactureCountry>
      <ManufacturerItemDescription>יובלים מרלו</ManufacturerItemDescription>
      <UnitQty>מיליליטרים</UnitQty>
      <Quantity>750.00</Quantity>
      <bIsWeighted>0</bIsWeighted>
      <UnitOfMeasure>100 מ"ל</UnitOfMeasure>
      <QtyInPackage>0</QtyInPackage>
      <ItemPrice>59.40</ItemPrice>
      <UnitOfMeasurePrice>7.92</UnitOfMeasurePrice>
      <AllowDiscount>1</AllowDiscount>
      <ItemStatus>0</ItemStatus>
    </Item>
    <Item>
      <PriceUpdateDate>2016-03-18 00:05</PriceUpdateDate>
      <ItemCode>7290014746404</ItemCode>
      <ItemType>1</ItemType>
      <ItemName>אצבעות שניצל שומשום 400ג</ItemName>
      <ManufacturerName>אסם</ManufacturerName>
      <ManufactureCountry>IL</ManufactureCountry>
      <ManufacturerItemDescription>אצבעות שניצל שומ</ManufacturerItemDescription>
      <UnitQty>גרמים</UnitQty>
      <Quantity>400.00</Quantity>
      <bIsWeighted>0</bIsWeighted>
      <UnitOfMeasure>100 גרם</UnitOfMeasure>
      <QtyInPackage>14</QtyInPackage>
      <ItemPrice>17.70</ItemPrice>
      <UnitOfMeasurePrice>4.43</UnitOfMeasurePrice>
      <AllowDiscount>1</AllowDiscount>
      <ItemStatus>1</ItemStatus>
    </Item>
    <Item>
      <PriceUpdateDate>2016-03-18 00:05</PriceUpdateDate>
      <ItemCode>7290014758353</ItemCode>
      <ItemType>1</ItemType>
      <ItemName>מ.סויה1.8%מתיק.מעוד125*2</ItemName>
      <ManufacturerName />
      <ManufactureCountry>IL</ManufactureCountry>
      <ManufacturerItemDescription>מ.סויה1.8%מתיק.מעוד125*2</ManufacturerItemDescription>
      <UnitQty>גרמים</UnitQty>
      <Quantity>250.00</Quantity>
      <bIsWeighted>0</bIsWeighted>
      <UnitOfMeasure>100 גרם</UnitOfMeasure>
      <QtyInPackage>0</QtyInPackage>
      <ItemPrice>8.20</ItemPrice>
      <UnitOfMeasurePrice>3.28</UnitOfMeasurePrice>
      <AllowDiscount>1</AllowDiscount>
      <ItemStatus>1</ItemStatus>
    </Item>
    <Item>
      <PriceUpdateDate>2016-03-18 00:05</PriceUpdateDate>
      <ItemCode>7290014791541</ItemCode>
      <ItemType>1</ItemType>
      <ItemName>שוופס גולד ראשן 1.5 ליטר</ItemName>
      <ManufacturerName>יפאורה שותפות מובגלת לשיווק</ManufacturerName>
      <ManufactureCountry>IL</ManufactureCountry>
      <ManufacturerItemDescription>שוופס גולד ראשן</ManufacturerItemDescription>
      <UnitQty>ליטרים</UnitQty>
      <Quantity>1.50</Quantity>
      <bIsWeighted>0</bIsWeighted>
      <UnitOfMeasure>ליטר</UnitOfMeasure>
      <QtyInPackage>0</QtyInPackage>
      <ItemPrice>7.90</ItemPrice>
      <UnitOfMeasurePrice>5.27</UnitOfMeasurePrice>
      <AllowDiscount>1</AllowDiscount>
      <ItemStatus>0</ItemStatus>
    </Item>
    <Item>
      <PriceUpdateDate>2016-03-18 00:05</PriceUpdateDate>
      <ItemCode>7290015324014</ItemCode>
      <ItemType>1</ItemType>
      <ItemName>פלפל שחור טחון בשקית80ג</ItemName>
      <ManufacturerName>תבליני טעם וריח</ManufacturerName>
      <ManufactureCountry>IL</ManufactureCountry>
      <ManufacturerItemDescription>פלפל שחור טחון</ManufacturerItemDescription>
      <UnitQty>גרמים</UnitQty>
      <Quantity>80.00</Quantity>
      <bIsWeighted>0</bIsWeighted>
      <UnitOfMeasure>100 גרם</UnitOfMeasure>
      <QtyInPackage>0</QtyInPackage>
      <ItemPrice>13.20</ItemPrice>
      <UnitOfMeasurePrice>16.50</UnitOfMeasurePrice>
      <AllowDiscount>1</AllowDiscount>
      <ItemStatus>1</ItemStatus>
    </Item>
    <Item>
      <PriceUpdateDate>2016-03-18 00:06</PriceUpdateDate>
      <ItemCode>7290015324205</ItemCode>
      <ItemType>1</ItemType>
      <ItemName>מרינדה עוף פיקנטי 25 גרם</ItemName>
      <ManufacturerName>תבליני טעם וריח</ManufacturerName>
      <ManufactureCountry>IL</ManufactureCountry>
      <ManufacturerItemDescription>תיבול מרינדה עוף</ManufacturerItemDescription>
      <UnitQty>גרמים</UnitQty>
      <Quantity>25.00</Quantity>
      <bIsWeighted>0</bIsWeighted>
      <UnitOfMeasure>100 גרם</UnitOfMeasure>
      <QtyInPackage>0</QtyInPackage>
      <ItemPrice>4.90</ItemPrice>
      <UnitOfMeasurePrice>19.60</UnitOfMeasurePrice>
      <AllowDiscount>1</AllowDiscount>
      <ItemStatus>0</ItemStatus>
    </Item>
    <Item>
      <PriceUpdateDate>2016-03-18 00:05</PriceUpdateDate>
      <ItemCode>7290015395014</ItemCode>
      <ItemType>1</ItemType>
      <ItemName>תערובת פיצוחים קלויה170ג</ItemName>
      <ManufacturerName>שקדיה</ManufacturerName>
      <ManufactureCountry>IL</ManufactureCountry>
      <ManufacturerItemDescription>תערובת פיצוחים</ManufacturerItemDescription>
      <UnitQty>גרמים</UnitQty>
      <Quantity>170.00</Quantity>
      <bIsWeighted>0</bIsWeighted>
      <UnitOfMeasure>100 גרם</UnitOfMeasure>
      <QtyInPackage>0</QtyInPackage>
      <ItemPrice>16.80</ItemPrice>
      <UnitOfMeasurePrice>9.88</UnitOfMeasurePrice>
      <AllowDiscount>1</AllowDiscount>
      <ItemStatus>0</ItemStatus>
    </Item>
    <Item>
      <PriceUpdateDate>2016-03-18 00:06</PriceUpdateDate>
      <ItemCode>7290015626583</ItemCode>
      <ItemType>1</ItemType>
      <ItemName>פלחי אננס מסוכרות  כתום</ItemName>
      <ManufacturerName>ששון מלוינסקי</ManufacturerName>
      <ManufactureCountry>IL</ManufactureCountry>
      <ManufacturerItemDescription>פלחי אננס כתום</ManufacturerItemDescription>
      <UnitQty>גרמים</UnitQty>
      <Quantity>200.00</Quantity>
      <bIsWeighted>0</bIsWeighted>
      <UnitOfMeasure>100 גרם</UnitOfMeasure>
      <QtyInPackage>1</QtyInPackage>
      <ItemPrice>10.00</ItemPrice>
      <UnitOfMeasurePrice>5.00</UnitOfMeasurePrice>
      <AllowDiscount>1</AllowDiscount>
      <ItemStatus>1</ItemStatus>
    </Item>
    <Item>
      <PriceUpdateDate>2016-03-18 00:06</PriceUpdateDate>
      <ItemCode>7290015878159</ItemCode>
      <ItemType>1</ItemType>
      <ItemName>שמיכת פליז דיסני</ItemName>
      <ManufacturerName>חוגלה קימברלי</ManufacturerName>
      <ManufactureCountry>IL</ManufactureCountry>
      <ManufacturerItemDescription>שמיכת פליז דיסני</ManufacturerItemDescription>
      <UnitQty>יחידה</UnitQty>
      <Quantity>1.00</Quantity>
      <bIsWeighted>0</bIsWeighted>
      <UnitOfMeasure>יחידה</UnitOfMeasure>
      <QtyInPackage>1</QtyInPackage>
      <ItemPrice>49.90</ItemPrice>
      <UnitOfMeasurePrice>49.90</UnitOfMeasurePrice>
      <AllowDiscount>1</AllowDiscount>
      <ItemStatus>1</ItemStatus>
    </Item>
    <Item>
      <PriceUpdateDate>2016-03-17 10:50</PriceUpdateDate>
      <ItemCode>7290100613771</ItemCode>
      <ItemType>1</ItemType>
      <ItemName>בוטן בקליפה קלוי 200גרם</ItemName>
      <ManufacturerName>א.ע.ש. קליית ציון</ManufacturerName>
      <ManufactureCountry>IL</ManufactureCountry>
      <ManufacturerItemDescription>בוטן בקליפה קלוי</ManufacturerItemDescription>
      <UnitQty>גרמים</UnitQty>
      <Quantity>200.00</Quantity>
      <bIsWeighted>0</bIsWeighted>
      <UnitOfMeasure>100 גרם</UnitOfMeasure>
      <QtyInPackage>1</QtyInPackage>
      <ItemPrice>8.90</ItemPrice>
      <UnitOfMeasurePrice>4.45</UnitOfMeasurePrice>
      <AllowDiscount>1</AllowDiscount>
      <ItemStatus>0</ItemStatus>
    </Item>
    <Item>
      <PriceUpdateDate>2016-03-18 00:06</PriceUpdateDate>
      <ItemCode>7290100702888</ItemCode>
      <ItemType>1</ItemType>
      <ItemName>בצק סוכר כחול 150 גרם</ItemName>
      <ManufacturerName>גילרו בע"מ</ManufacturerName>
      <ManufactureCountry>IL</ManufactureCountry>
      <ManufacturerItemDescription>בצק סוכר כחול</ManufacturerItemDescription>
      <UnitQty>גרמים</UnitQty>
      <Quantity>150.00</Quantity>
      <bIsWeighted>0</bIsWeighted>
      <UnitOfMeasure>100 גרם</UnitOfMeasure>
      <QtyInPackage>1</QtyInPackage>
      <ItemPrice>4.90</ItemPrice>
      <UnitOfMeasurePrice>3.27</UnitOfMeasurePrice>
      <AllowDiscount>1</AllowDiscount>
      <ItemStatus>0</ItemStatus>
    </Item>
    <Item>
      <PriceUpdateDate>2016-03-18 00:05</PriceUpdateDate>
      <ItemCode>7290101112075</ItemCode>
      <ItemType>1</ItemType>
      <ItemName>מאגדת שייק מנגו פסיפלורה</ItemName>
      <ManufacturerName>גלידות פלדמן</ManufacturerName>
      <ManufactureCountry>IL</ManufactureCountry>
      <ManufacturerItemDescription>מאגדת שייק פירות</ManufacturerItemDescription>
      <UnitQty>גרמים</UnitQty>
      <Quantity>480.00</Quantity>
      <bIsWeighted>0</bIsWeighted>
      <UnitOfMeasure>100 גרם</UnitOfMeasure>
      <QtyInPackage>0</QtyInPackage>
      <ItemPrice>31.90</ItemPrice>
      <UnitOfMeasurePrice>6.65</UnitOfMeasurePrice>
      <AllowDiscount>1</AllowDiscount>
      <ItemStatus>1</ItemStatus>
    </Item>
    <Item>
      <PriceUpdateDate>2016-03-18 00:06</PriceUpdateDate>
      <ItemCode>7290101112211</ItemCode>
      <ItemType>1</ItemType>
      <ItemName>מאגדת שייק אננס</ItemName>
      <ManufacturerName>גלידות פלדמן</ManufacturerName>
      <ManufactureCountry>IL</ManufactureCountry>
      <ManufacturerItemDescription>מאגדת שייק אננס</ManufacturerItemDescription>
      <UnitQty>גרמים</UnitQty>
      <Quantity>480.00</Quantity>
      <bIsWeighted>0</bIsWeighted>
      <UnitOfMeasure>100 גרם</UnitOfMeasure>
      <QtyInPackage>0</QtyInPackage>
      <ItemPrice>31.90</ItemPrice>
      <UnitOfMeasurePrice>6.65</UnitOfMeasurePrice>
      <AllowDiscount>1</AllowDiscount>
      <ItemStatus>1</ItemStatus>
    </Item>
    <Item>
      <PriceUpdateDate>2016-03-18 00:06</PriceUpdateDate>
      <ItemCode>7290102397181</ItemCode>
      <ItemType>1</ItemType>
      <ItemName>משקה יוגורט sip תות בננה</ItemName>
      <ManufacturerName>טרה</ManufacturerName>
      <ManufactureCountry>IL</ManufactureCountry>
      <ManufacturerItemDescription>משקה יוגורט מולר</ManufacturerItemDescription>
      <UnitQty>מיליליטרים</UnitQty>
      <Quantity>750.00</Quantity>
      <bIsWeighted>0</bIsWeighted>
      <UnitOfMeasure>100 מ"ל</UnitOfMeasure>
      <QtyInPackage>1</QtyInPackage>
      <ItemPrice>13.40</ItemPrice>
      <UnitOfMeasurePrice>1.79</UnitOfMeasurePrice>
      <AllowDiscount>1</AllowDiscount>
      <ItemStatus>1</ItemStatus>
    </Item>
    <Item>
      <PriceUpdateDate>2016-03-18 00:06</PriceUpdateDate>
      <ItemCode>7290102397341</ItemCode>
      <ItemType>1</ItemType>
      <ItemName>בולגרית 24% 250 גרם</ItemName>
      <ManufacturerName>משק צוריאל תבור</ManufacturerName>
      <ManufactureCountry>IL</ManufactureCountry>
      <ManufacturerItemDescription>בולגרית 24%</ManufacturerItemDescription>
      <UnitQty>גרמים</UnitQty>
      <Quantity>250.00</Quantity>
      <bIsWeighted>0</bIsWeighted>
      <UnitOfMeasure>100 גרם</UnitOfMeasure>
      <QtyInPackage>1</QtyInPackage>
      <ItemPrice>16.90</ItemPrice>
      <UnitOfMeasurePrice>6.76</UnitOfMeasurePrice>
      <AllowDiscount>1</AllowDiscount>
      <ItemStatus>1</ItemStatus>
    </Item>
    <Item>
      <PriceUpdateDate>2016-03-18 00:05</PriceUpdateDate>
      <ItemCode>7290105364289</ItemCode>
      <ItemType>1</ItemType>
      <ItemName>כיף כף מקלות פצפוצים40גר</ItemName>
      <ManufacturerName>עלית</ManufacturerName>
      <ManufactureCountry>IL</ManufactureCountry>
      <ManufacturerItemDescription>כיף כף מקלות</ManufacturerItemDescription>
      <UnitQty>גרמים</UnitQty>
      <Quantity>40.00</Quantity>
      <bIsWeighted>0</bIsWeighted>
      <UnitOfMeasure>100 גרם</UnitOfMeasure>
      <QtyInPackage>0</QtyInPackage>
      <ItemPrice>4.60</ItemPrice>
      <UnitOfMeasurePrice>11.50</UnitOfMeasurePrice>
      <AllowDiscount>1</AllowDiscount>
      <ItemStatus>0</ItemStatus>
    </Item>
    <Item>
      <PriceUpdateDate>2016-03-18 00:06</PriceUpdateDate>
      <ItemCode>7290105430502</ItemCode>
      <ItemType>1</ItemType>
      <ItemName>דאו.ספיד ס.סטיינגארד50ג</ItemName>
      <ManufacturerName>קולגייט-פלמוליב</ManufacturerName>
      <ManufactureCountry>IL</ManufactureCountry>
      <ManufacturerItemDescription>דאו.ספיד סטיק</ManufacturerItemDescription>
      <UnitQty>גרמים</UnitQty>
      <Quantity>50.00</Quantity>
      <bIsWeighted>0</bIsWeighted>
      <UnitOfMeasure>100 גרם</UnitOfMeasure>
      <QtyInPackage>0</QtyInPackage>
      <ItemPrice>19.90</ItemPrice>
      <UnitOfMeasurePrice>39.80</UnitOfMeasurePrice>
      <AllowDiscount>1</AllowDiscount>
      <ItemStatus>1</ItemStatus>
    </Item>
    <Item>
      <PriceUpdateDate>2016-03-18 00:05</PriceUpdateDate>
      <ItemCode>7290105434067</ItemCode>
      <ItemType>1</ItemType>
      <ItemName>דאו. ספיד סטיק</ItemName>
      <ManufacturerName />
      <ManufactureCountry />
      <ManufacturerItemDescription>דאו. ספיד סטיק</ManufacturerItemDescription>
      <UnitQty>יחידה</UnitQty>
      <Quantity>1.00</Quantity>
      <bIsWeighted>0</bIsWeighted>
      <UnitOfMeasure>יחידה</UnitOfMeasure>
      <QtyInPackage>0</QtyInPackage>
      <ItemPrice>24.90</ItemPrice>
      <UnitOfMeasurePrice>24.90</UnitOfMeasurePrice>
      <AllowDiscount>1</AllowDiscount>
      <ItemStatus>1</ItemStatus>
    </Item>
    <Item>
      <PriceUpdateDate>2016-03-18 00:06</PriceUpdateDate>
      <ItemCode>7290106261471</ItemCode>
      <ItemType>1</ItemType>
      <ItemName>אמבר&amp;קו אדט 100 מ"ל</ItemName>
      <ManufacturerName>אקספרשיונס</ManufacturerName>
      <ManufactureCountry>FR</ManufactureCountry>
      <ManufacturerItemDescription>אמבר&amp;קו אדט</ManufacturerItemDescription>
      <UnitQty>מיליליטרים</UnitQty>
      <Quantity>100.00</Quantity>
      <bIsWeighted>0</bIsWeighted>
      <UnitOfMeasure>100 מ"ל</UnitOfMeasure>
      <QtyInPackage>1</QtyInPackage>
      <ItemPrice>34.60</ItemPrice>
      <UnitOfMeasurePrice>34.60</UnitOfMeasurePrice>
      <AllowDiscount>1</AllowDiscount>
      <ItemStatus>0</ItemStatus>
    </Item>
    <Item>
      <PriceUpdateDate>2016-03-18 00:05</PriceUpdateDate>
      <ItemCode>7290106654365</ItemCode>
      <ItemType>1</ItemType>
      <ItemName>אינסטנט פודינג וניל80גרם</ItemName>
      <ManufacturerName>עלית</ManufacturerName>
      <ManufactureCountry>IL</ManufactureCountry>
      <ManufacturerItemDescription>אינסטנט פודינג</ManufacturerItemDescription>
      <UnitQty>יחידה</UnitQty>
      <Quantity>1.00</Quantity>
      <bIsWeighted>0</bIsWeighted>
      <UnitOfMeasure>יחידה</UnitOfMeasure>
      <QtyInPackage>0</QtyInPackage>
      <ItemPrice>5.40</ItemPrice>
      <UnitOfMeasurePrice>5.40</UnitOfMeasurePrice>
      <AllowDiscount>1</AllowDiscount>
      <ItemStatus>1</ItemStatus>
    </Item>
    <Item>
      <PriceUpdateDate>2016-03-18 00:06</PriceUpdateDate>
      <ItemCode>7290106668560</ItemCode>
      <ItemType>1</ItemType>
      <ItemName>קופסת ממתקים לפורים1597ג</ItemName>
      <ManufacturerName>שטראוס</ManufacturerName>
      <ManufactureCountry>IL</ManufactureCountry>
      <ManufacturerItemDescription>קופסת ממתקים</ManufacturerItemDescription>
      <UnitQty>קילוגרמים</UnitQty>
      <Quantity>1.60</Quantity>
      <bIsWeighted>0</bIsWeighted>
      <UnitOfMeasure>ק"ג</UnitOfMeasure>
      <QtyInPackage>1</QtyInPackage>
      <ItemPrice>144.00</ItemPrice>
      <UnitOfMeasurePrice>90.00</UnitOfMeasurePrice>
      <AllowDiscount>1</AllowDiscount>
      <ItemStatus>1</ItemStatus>
    </Item>
    <Item>
      <PriceUpdateDate>2016-03-18 00:06</PriceUpdateDate>
      <ItemCode>7290106724808</ItemCode>
      <ItemType>1</ItemType>
      <ItemName>סוכריות נוסטלגיה מנטה80ג</ItemName>
      <ManufacturerName>עלית</ManufacturerName>
      <ManufactureCountry>IL</ManufactureCountry>
      <ManufacturerItemDescription>סוכריות מנטה</ManufacturerItemDescription>
      <UnitQty>גרמים</UnitQty>
      <Quantity>80.00</Quantity>
      <bIsWeighted>0</bIsWeighted>
      <UnitOfMeasure>100 גרם</UnitOfMeasure>
      <QtyInPackage>1</QtyInPackage>
      <ItemPrice>4.90</ItemPrice>
      <UnitOfMeasurePrice>6.13</UnitOfMeasurePrice>
      <AllowDiscount>1</AllowDiscount>
      <ItemStatus>1</ItemStatus>
    </Item>
    <Item>
      <PriceUpdateDate>2016-03-18 00:05</PriceUpdateDate>
      <ItemCode>7290107877763</ItemCode>
      <ItemType>1</ItemType>
      <ItemName>במבה במביני 60 גרם</ItemName>
      <ManufacturerName>אסם</ManufacturerName>
      <ManufactureCountry>IL</ManufactureCountry>
      <ManufacturerItemDescription>במבה במביני</ManufacturerItemDescription>
      <UnitQty>גרמים</UnitQty>
      <Quantity>60.00</Quantity>
      <bIsWeighted>0</bIsWeighted>
      <UnitOfMeasure>100 גרם</UnitOfMeasure>
      <QtyInPackage>1</QtyInPackage>
      <ItemPrice>4.30</ItemPrice>
      <UnitOfMeasurePrice>7.17</UnitOfMeasurePrice>
      <AllowDiscount>1</AllowDiscount>
      <ItemStatus>0</ItemStatus>
    </Item>
    <Item>
      <PriceUpdateDate>2016-03-18 00:05</PriceUpdateDate>
      <ItemCode>7290107877992</ItemCode>
      <ItemType>1</ItemType>
      <ItemName>פרפקטו ספירלי 600 גרם</ItemName>
      <ManufacturerName>פסטה זארה</ManufacturerName>
      <ManufactureCountry>IT</ManufactureCountry>
      <ManufacturerItemDescription>פרפקטו ספירלי</ManufacturerItemDescription>
      <UnitQty>גרמים</UnitQty>
      <Quantity>600.00</Quantity>
      <bIsWeighted>0</bIsWeighted>
      <UnitOfMeasure>100 גרם</UnitOfMeasure>
      <QtyInPackage>1</QtyInPackage>
      <ItemPrice>7.60</ItemPrice>
      <UnitOfMeasurePrice>1.27</UnitOfMeasurePrice>
      <AllowDiscount>1</AllowDiscount>
      <ItemStatus>1</ItemStatus>
    </Item>
    <Item>
      <PriceUpdateDate>2016-03-18 00:06</PriceUpdateDate>
      <ItemCode>7296073179412</ItemCode>
      <ItemType>1</ItemType>
      <ItemName>פול ירוק קפוא  800גרם</ItemName>
      <ManufacturerName>LTD ALEX COLD</ManufacturerName>
      <ManufactureCountry>EG</ManufactureCountry>
      <ManufacturerItemDescription>פול ירוק קפוא  800גרם</ManufacturerItemDescription>
      <UnitQty>גרמים</UnitQty>
      <Quantity>800.00</Quantity>
      <bIsWeighted>0</bIsWeighted>
      <UnitOfMeasure>100 גרם</UnitOfMeasure>
      <QtyInPackage>0</QtyInPackage>
      <ItemPrice>20.70</ItemPrice>
      <UnitOfMeasurePrice>2.59</UnitOfMeasurePrice>
      <AllowDiscount>1</AllowDiscount>
      <ItemStatus>0</ItemStatus>
    </Item>
    <Item>
      <PriceUpdateDate>2016-03-18 00:06</PriceUpdateDate>
      <ItemCode>7296073202813</ItemCode>
      <ItemType>1</ItemType>
      <ItemName>קרם ידיים לעור רגיל 100</ItemName>
      <ManufacturerName>אמיליה קוסמטיקס</ManufacturerName>
      <ManufactureCountry>IL</ManufactureCountry>
      <ManufacturerItemDescription>קרם ידיים שופרסל</ManufacturerItemDescription>
      <UnitQty>מיליליטרים</UnitQty>
      <Quantity>100.00</Quantity>
      <bIsWeighted>0</bIsWeighted>
      <UnitOfMeasure>100 מ"ל</UnitOfMeasure>
      <QtyInPackage>0</QtyInPackage>
      <ItemPrice>9.90</ItemPrice>
      <UnitOfMeasurePrice>9.90</UnitOfMeasurePrice>
      <AllowDiscount>1</AllowDiscount>
      <ItemStatus>0</ItemStatus>
    </Item>
    <Item>
      <PriceUpdateDate>2016-03-18 00:05</PriceUpdateDate>
      <ItemCode>7296073225621</ItemCode>
      <ItemType>1</ItemType>
      <ItemName>חטיפי קרקר</ItemName>
      <ManufacturerName />
      <ManufactureCountry>IT</ManufactureCountry>
      <ManufacturerItemDescription>חטיפי קרקר</ManufacturerItemDescription>
      <UnitQty>גרמים</UnitQty>
      <Quantity>150.00</Quantity>
      <bIsWeighted>0</bIsWeighted>
      <UnitOfMeasure>100 גרם</UnitOfMeasure>
      <QtyInPackage>0</QtyInPackage>
      <ItemPrice>7.80</ItemPrice>
      <UnitOfMeasurePrice>5.20</UnitOfMeasurePrice>
      <AllowDiscount>1</AllowDiscount>
      <ItemStatus>0</ItemStatus>
    </Item>
    <Item>
      <PriceUpdateDate>2016-03-18 00:05</PriceUpdateDate>
      <ItemCode>7296073225751</ItemCode>
      <ItemType>1</ItemType>
      <ItemName>חציל בטחינה 400 גרם</ItemName>
      <ManufacturerName>סלטי שמיר</ManufacturerName>
      <ManufactureCountry>IL</ManufactureCountry>
      <ManufacturerItemDescription>סלט חציל בטיחנה</ManufacturerItemDescription>
      <UnitQty>גרמים</UnitQty>
      <Quantity>400.00</Quantity>
      <bIsWeighted>0</bIsWeighted>
      <UnitOfMeasure>100 גרם</UnitOfMeasure>
      <QtyInPackage>0</QtyInPackage>
      <ItemPrice>8.50</ItemPrice>
      <UnitOfMeasurePrice>2.13</UnitOfMeasurePrice>
      <AllowDiscount>1</AllowDiscount>
      <ItemStatus>0</ItemStatus>
    </Item>
    <Item>
      <PriceUpdateDate>2016-03-18 00:05</PriceUpdateDate>
      <ItemCode>7296073230724</ItemCode>
      <ItemType>1</ItemType>
      <ItemName>אקונומיקה 4 ליטר</ItemName>
      <ManufacturerName>קליר כימיקלים</ManufacturerName>
      <ManufactureCountry>IL</ManufactureCountry>
      <ManufacturerItemDescription>אקונומיקה 4 ליטר</ManufacturerItemDescription>
      <UnitQty>ליטרים</UnitQty>
      <Quantity>4.00</Quantity>
      <bIsWeighted>0</bIsWeighted>
      <UnitOfMeasure>ליטר</UnitOfMeasure>
      <QtyInPackage>0</QtyInPackage>
      <ItemPrice>8.80</ItemPrice>
      <UnitOfMeasurePrice>2.20</UnitOfMeasurePrice>
      <AllowDiscount>1</AllowDiscount>
      <ItemStatus>0</ItemStatus>
    </Item>
    <Item>
      <PriceUpdateDate>2016-03-18 00:05</PriceUpdateDate>
      <ItemCode>7296073232391</ItemCode>
      <ItemType>1</ItemType>
      <ItemName>סוכר לבן שופרסל 1 ק"ג</ItemName>
      <ManufacturerName>אגרנה צוקר בע"מ</ManufacturerName>
      <ManufactureCountry>AT</ManufactureCountry>
      <ManufacturerItemDescription>סוכר לבן</ManufacturerItemDescription>
      <UnitQty>קילוגרמים</UnitQty>
      <Quantity>1.00</Quantity>
      <bIsWeighted>0</bIsWeighted>
      <UnitOfMeasure>ק"ג</UnitOfMeasure>
      <QtyInPackage>1</QtyInPackage>
      <ItemPrice>3.90</ItemPrice>
      <UnitOfMeasurePrice>3.90</UnitOfMeasurePrice>
      <AllowDiscount>1</AllowDiscount>
      <ItemStatus>0</ItemStatus>
    </Item>
    <Item>
      <PriceUpdateDate>2016-03-18 00:05</PriceUpdateDate>
      <ItemCode>7296073239376</ItemCode>
      <ItemType>1</ItemType>
      <ItemName>פרלינים בלגים שופרסל250ג</ItemName>
      <ManufacturerName>דוקדו</ManufacturerName>
      <ManufactureCountry>BE</ManufactureCountry>
      <ManufacturerItemDescription>פרלינים בלגים</ManufacturerItemDescription>
      <UnitQty>גרמים</UnitQty>
      <Quantity>250.00</Quantity>
      <bIsWeighted>0</bIsWeighted>
      <UnitOfMeasure>100 גרם</UnitOfMeasure>
      <QtyInPackage>1</QtyInPackage>
      <ItemPrice>24.90</ItemPrice>
      <UnitOfMeasurePrice>9.96</UnitOfMeasurePrice>
      <AllowDiscount>1</AllowDiscount>
      <ItemStatus>1</ItemStatus>
    </Item>
    <Item>
      <PriceUpdateDate>2016-03-18 00:05</PriceUpdateDate>
      <ItemCode>7296073245490</ItemCode>
      <ItemType>1</ItemType>
      <ItemName>מגבונים לניקוי כללי בדלי</ItemName>
      <ManufacturerName>דינמיק</ManufacturerName>
      <ManufactureCountry>IL</ManufactureCountry>
      <ManufacturerItemDescription>מגבונים בדלי</ManufacturerItemDescription>
      <UnitQty>יחידה</UnitQty>
      <Quantity>1.00</Quantity>
      <bIsWeighted>0</bIsWeighted>
      <UnitOfMeasure>יחידה</UnitOfMeasure>
      <QtyInPackage>1</QtyInPackage>
      <ItemPrice>19.90</ItemPrice>
      <UnitOfMeasurePrice>19.90</UnitOfMeasurePrice>
      <AllowDiscount>1</AllowDiscount>
      <ItemStatus>1</ItemStatus>
    </Item>
    <Item>
      <PriceUpdateDate>2016-03-18 00:06</PriceUpdateDate>
      <ItemCode>72991503</ItemCode>
      <ItemType>1</ItemType>
      <ItemName>נובלס בלנד חפיסה</ItemName>
      <ManufacturerName>דובק בע"מ</ManufacturerName>
      <ManufactureCountry>IL</ManufactureCountry>
      <ManufacturerItemDescription>נובלס בלנד</ManufacturerItemDescription>
      <UnitQty>יחידה</UnitQty>
      <Quantity>1.00</Quantity>
      <bIsWeighted>0</bIsWeighted>
      <UnitOfMeasure>יחידה</UnitOfMeasure>
      <QtyInPackage>0</QtyInPackage>
      <ItemPrice>27.50</ItemPrice>
      <UnitOfMeasurePrice>27.50</UnitOfMeasurePrice>
      <AllowDiscount>0</AllowDiscount>
      <ItemStatus>0</ItemStatus>
    </Item>
    <Item>
      <PriceUpdateDate>2016-03-18 00:05</PriceUpdateDate>
      <ItemCode>7610400068369</ItemCode>
      <ItemType>1</ItemType>
      <ItemName>שוקולד לינדור אגוזים100ג</ItemName>
      <ManufacturerName>לינדט ושפרונגלי קילשברג</ManufacturerName>
      <ManufactureCountry>CH</ManufactureCountry>
      <ManufacturerItemDescription>שוקולד לינדור</ManufacturerItemDescription>
      <UnitQty>גרמים</UnitQty>
      <Quantity>100.00</Quantity>
      <bIsWeighted>0</bIsWeighted>
      <UnitOfMeasure>100 גרם</UnitOfMeasure>
      <QtyInPackage>0</QtyInPackage>
      <ItemPrice>15.80</ItemPrice>
      <UnitOfMeasurePrice>15.80</UnitOfMeasurePrice>
      <AllowDiscount>1</AllowDiscount>
      <ItemStatus>0</ItemStatus>
    </Item>
    <Item>
      <PriceUpdateDate>2016-03-17 09:40</PriceUpdateDate>
      <ItemCode>7610400082532</ItemCode>
      <ItemType>1</ItemType>
      <ItemName>בונבו.לינדור וואיט200גרם</ItemName>
      <ManufacturerName>לינדט ושפרונגלי קילשברג</ManufacturerName>
      <ManufactureCountry>IT</ManufactureCountry>
      <ManufacturerItemDescription>בונבונירה לינדור</ManufacturerItemDescription>
      <UnitQty>גרמים</UnitQty>
      <Quantity>200.00</Quantity>
      <bIsWeighted>0</bIsWeighted>
      <UnitOfMeasure>100 גרם</UnitOfMeasure>
      <QtyInPackage>0</QtyInPackage>
      <ItemPrice>32.40</ItemPrice>
      <UnitOfMeasurePrice>16.20</UnitOfMeasurePrice>
      <AllowDiscount>1</AllowDiscount>
      <ItemStatus>1</ItemStatus>
    </Item>
    <Item>
      <PriceUpdateDate>2016-03-18 00:05</PriceUpdateDate>
      <ItemCode>7702018010745</ItemCode>
      <ItemType>1</ItemType>
      <ItemName>8סכינ.פיוזן פרוגליד פאור</ItemName>
      <ManufacturerName>פרוקטר &amp; גמבל</ManufacturerName>
      <ManufactureCountry>DE</ManufactureCountry>
      <ManufacturerItemDescription>8סכינ.פיוזן פרוגליד פאור</ManufacturerItemDescription>
      <UnitQty>יחידה</UnitQty>
      <Quantity>1.00</Quantity>
      <bIsWeighted>0</bIsWeighted>
      <UnitOfMeasure>יחידה</UnitOfMeasure>
      <QtyInPackage>0</QtyInPackage>
      <ItemPrice>203.60</ItemPrice>
      <UnitOfMeasurePrice>203.60</UnitOfMeasurePrice>
      <AllowDiscount>1</AllowDiscount>
      <ItemStatus>0</ItemStatus>
    </Item>
    <Item>
      <PriceUpdateDate>2016-03-18 00:05</PriceUpdateDate>
      <ItemCode>7702018389254</ItemCode>
      <ItemType>1</ItemType>
      <ItemName>מכ. פיוז'ן פרושילד לרעננ</ItemName>
      <ManufacturerName>פרוקטר &amp; גמבל</ManufacturerName>
      <ManufactureCountry>IL</ManufactureCountry>
      <ManufacturerItemDescription>מכשיר פיוז'ן</ManufacturerItemDescription>
      <UnitQty>יחידה</UnitQty>
      <Quantity>1.00</Quantity>
      <bIsWeighted>0</bIsWeighted>
      <UnitOfMeasure>יחידה</UnitOfMeasure>
      <QtyInPackage>1</QtyInPackage>
      <ItemPrice>69.90</ItemPrice>
      <UnitOfMeasurePrice>69.90</UnitOfMeasurePrice>
      <AllowDiscount>1</AllowDiscount>
      <ItemStatus>1</ItemStatus>
    </Item>
    <Item>
      <PriceUpdateDate>2016-03-18 00:05</PriceUpdateDate>
      <ItemCode>7702018389285</ItemCode>
      <ItemType>1</ItemType>
      <ItemName>מכשיר פיוז'ן פרושילד</ItemName>
      <ManufacturerName>פרוקטר &amp; גמבל</ManufacturerName>
      <ManufactureCountry>IL</ManufactureCountry>
      <ManufacturerItemDescription>מכשיר פיוז'ן</ManufacturerItemDescription>
      <UnitQty>יחידה</UnitQty>
      <Quantity>1.00</Quantity>
      <bIsWeighted>0</bIsWeighted>
      <UnitOfMeasure>יחידה</UnitOfMeasure>
      <QtyInPackage>1</QtyInPackage>
      <ItemPrice>69.90</ItemPrice>
      <UnitOfMeasurePrice>69.90</UnitOfMeasurePrice>
      <AllowDiscount>1</AllowDiscount>
      <ItemStatus>1</ItemStatus>
    </Item>
    <Item>
      <PriceUpdateDate>2016-03-18 00:06</PriceUpdateDate>
      <ItemCode>7891024030974</ItemCode>
      <ItemType>1</ItemType>
      <ItemName>משחת קולגייט טריפל אקש75</ItemName>
      <ManufacturerName>קולגייט-פלמוליב</ManufacturerName>
      <ManufactureCountry>PL</ManufactureCountry>
      <ManufacturerItemDescription>משחת שיניים</ManufacturerItemDescription>
      <UnitQty>מיליליטרים</UnitQty>
      <Quantity>75.00</Quantity>
      <bIsWeighted>0</bIsWeighted>
      <UnitOfMeasure>100 מ"ל</UnitOfMeasure>
      <QtyInPackage>1</QtyInPackage>
      <ItemPrice>7.90</ItemPrice>
      <UnitOfMeasurePrice>10.53</UnitOfMeasurePrice>
      <AllowDiscount>1</AllowDiscount>
      <ItemStatus>0</ItemStatus>
    </Item>
    <Item>
      <PriceUpdateDate>2016-03-17 09:40</PriceUpdateDate>
      <ItemCode>8003340098098</ItemCode>
      <ItemType>1</ItemType>
      <ItemName>בונ.לינדור סטרוברי200גרם</ItemName>
      <ManufacturerName>לינדט ושפרונגלי קילשברג</ManufacturerName>
      <ManufactureCountry>IT</ManufactureCountry>
      <ManufacturerItemDescription>בונבונירה לינדור</ManufacturerItemDescription>
      <UnitQty>גרמים</UnitQty>
      <Quantity>200.00</Quantity>
      <bIsWeighted>0</bIsWeighted>
      <UnitOfMeasure>100 גרם</UnitOfMeasure>
      <QtyInPackage>1</QtyInPackage>
      <ItemPrice>32.40</ItemPrice>
      <UnitOfMeasurePrice>16.20</UnitOfMeasurePrice>
      <AllowDiscount>1</AllowDiscount>
      <ItemStatus>0</ItemStatus>
    </Item>
    <Item>
      <PriceUpdateDate>2016-03-17 12:25</PriceUpdateDate>
      <ItemCode>8690784817110</ItemCode>
      <ItemType>1</ItemType>
      <ItemName>גלייד לבנדר מילוי 269מל</ItemName>
      <ManufacturerName>vaill aerosol coster</ManufacturerName>
      <ManufactureCountry>TR</ManufactureCountry>
      <ManufacturerItemDescription>גלייד מילוי</ManufacturerItemDescription>
      <UnitQty>מיליליטרים</UnitQty>
      <Quantity>269.00</Quantity>
      <bIsWeighted>0</bIsWeighted>
      <UnitOfMeasure>100 מ"ל</UnitOfMeasure>
      <QtyInPackage>1</QtyInPackage>
      <ItemPrice>15.00</ItemPrice>
      <UnitOfMeasurePrice>5.58</UnitOfMeasurePrice>
      <AllowDiscount>1</AllowDiscount>
      <ItemStatus>0</ItemStatus>
    </Item>
    <Item>
      <PriceUpdateDate>2016-03-18 00:05</PriceUpdateDate>
      <ItemCode>8714789402932</ItemCode>
      <ItemType>1</ItemType>
      <ItemName>אג'קס חגיגת פרחי.ורוד1.5</ItemName>
      <ManufacturerName>קולגייט-פלמוליב</ManufacturerName>
      <ManufactureCountry>GR</ManufactureCountry>
      <ManufacturerItemDescription>אג'קס לניקוי</ManufacturerItemDescription>
      <UnitQty>ליטרים</UnitQty>
      <Quantity>1.50</Quantity>
      <bIsWeighted>0</bIsWeighted>
      <UnitOfMeasure>ליטר</UnitOfMeasure>
      <QtyInPackage>0</QtyInPackage>
      <ItemPrice>19.90</ItemPrice>
      <UnitOfMeasurePrice>13.27</UnitOfMeasurePrice>
      <AllowDiscount>1</AllowDiscount>
      <ItemStatus>1</ItemStatus>
    </Item>
    <Item>
      <PriceUpdateDate>2016-03-18 00:06</PriceUpdateDate>
      <ItemCode>8714789722610</ItemCode>
      <ItemType>1</ItemType>
      <ItemName>משחת קולגייט סנסטיב 75מל</ItemName>
      <ManufacturerName>קולגייט-פלמוליב</ManufacturerName>
      <ManufactureCountry>PL</ManufactureCountry>
      <ManufacturerItemDescription>משחת קולגייט</ManufacturerItemDescription>
      <UnitQty>מיליליטרים</UnitQty>
      <Quantity>75.00</Quantity>
      <bIsWeighted>0</bIsWeighted>
      <UnitOfMeasure>100 מ"ל</UnitOfMeasure>
      <QtyInPackage>0</QtyInPackage>
      <ItemPrice>12.90</ItemPrice>
      <UnitOfMeasurePrice>17.20</UnitOfMeasurePrice>
      <AllowDiscount>1</AllowDiscount>
      <ItemStatus>1</ItemStatus>
    </Item>
    <Item>
      <PriceUpdateDate>2016-03-18 00:05</PriceUpdateDate>
      <ItemCode>8850367992317</ItemCode>
      <ItemType>1</ItemType>
      <ItemName>רוטב צ'ילי חריף 285 גרם</ItemName>
      <ManufacturerName>טאפאדונגפורן קוקנט</ManufacturerName>
      <ManufactureCountry>TH</ManufactureCountry>
      <ManufacturerItemDescription>רוטב צ'ילי חריף</ManufacturerItemDescription>
      <UnitQty>גרמים</UnitQty>
      <Quantity>285.00</Quantity>
      <bIsWeighted>0</bIsWeighted>
      <UnitOfMeasure>100 גרם</UnitOfMeasure>
      <QtyInPackage>1</QtyInPackage>
      <ItemPrice>13.80</ItemPrice>
      <UnitOfMeasurePrice>4.84</UnitOfMeasurePrice>
      <AllowDiscount>1</AllowDiscount>
      <ItemStatus>0</ItemStatus>
    </Item>
    <Item>
      <PriceUpdateDate>2016-03-18 00:05</PriceUpdateDate>
      <ItemCode>8850521141216</ItemCode>
      <ItemType>1</ItemType>
      <ItemName>קמח אורז</ItemName>
      <ManufacturerName />
      <ManufactureCountry>IL</ManufactureCountry>
      <ManufacturerItemDescription>קמח אורז</ManufacturerItemDescription>
      <UnitQty>גרמים</UnitQty>
      <Quantity>400.00</Quantity>
      <bIsWeighted>0</bIsWeighted>
      <UnitOfMeasure>100 גרם</UnitOfMeasure>
      <QtyInPackage>0</QtyInPackage>
      <ItemPrice>8.00</ItemPrice>
      <UnitOfMeasurePrice>2.00</UnitOfMeasurePrice>
      <AllowDiscount>1</AllowDiscount>
      <ItemStatus>0</ItemStatus>
    </Item>
    <Item>
      <PriceUpdateDate>2016-03-17 09:15</PriceUpdateDate>
      <ItemCode>8850632604372</ItemCode>
      <ItemType>1</ItemType>
      <ItemName>יוגטה חמוץ שטיח תות 50גר</ItemName>
      <ManufacturerName>סאאדת</ManufacturerName>
      <ManufactureCountry>TH</ManufactureCountry>
      <ManufacturerItemDescription>יוגטה ממתק חמוץ</ManufacturerItemDescription>
      <UnitQty>גרמים</UnitQty>
      <Quantity>50.00</Quantity>
      <bIsWeighted>0</bIsWeighted>
      <UnitOfMeasure>100 גרם</UnitOfMeasure>
      <QtyInPackage>0</QtyInPackage>
      <ItemPrice>4.60</ItemPrice>
      <UnitOfMeasurePrice>9.20</UnitOfMeasurePrice>
      <AllowDiscount>1</AllowDiscount>
      <ItemStatus>1</ItemStatus>
    </Item>
    <Item>
      <PriceUpdateDate>2016-03-18 00:06</PriceUpdateDate>
      <ItemCode>96086001536</ItemCode>
      <ItemType>1</ItemType>
      <ItemName>עוגיות וניל ללא סוכר200ג</ItemName>
      <ManufacturerName>מצות אביב</ManufacturerName>
      <ManufactureCountry>IL</ManufactureCountry>
      <ManufacturerItemDescription>עוגיות וניל</ManufacturerItemDescription>
      <UnitQty>גרמים</UnitQty>
      <Quantity>200.00</Quantity>
      <bIsWeighted>0</bIsWeighted>
      <UnitOfMeasure>100 גרם</UnitOfMeasure>
      <QtyInPackage>0</QtyInPackage>
      <ItemPrice>14.30</ItemPrice>
      <UnitOfMeasurePrice>7.15</UnitOfMeasurePrice>
      <AllowDiscount>1</AllowDiscount>
      <ItemStatus>0</ItemStatus>
    </Item>
    <Item>
      <PriceUpdateDate>2016-03-18 00:06</PriceUpdateDate>
      <ItemCode>960860015432</ItemCode>
      <ItemType>1</ItemType>
      <ItemName>עוג.ללא סוכר מקמח מלא200</ItemName>
      <ManufacturerName>מצות אביב</ManufacturerName>
      <ManufactureCountry>IL</ManufactureCountry>
      <ManufacturerItemDescription>עוגיות ללא סוכר</ManufacturerItemDescription>
      <UnitQty>גרמים</UnitQty>
      <Quantity>200.00</Quantity>
      <bIsWeighted>0</bIsWeighted>
      <UnitOfMeasure>100 גרם</UnitOfMeasure>
      <QtyInPackage>0</QtyInPackage>
      <ItemPrice>14.30</ItemPrice>
      <UnitOfMeasurePrice>7.15</UnitOfMeasurePrice>
      <AllowDiscount>1</AllowDiscount>
      <ItemStatus>0</ItemStatus>
    </Item>
  </Items>
</root>