<?xml version="1.0" encoding="utf-8"?>
<root>
  <ChainId>7290027600007</ChainId>
  <SubChainId>002</SubChainId>
  <StoreId>281</StoreId>
  <BikoretNo>3</BikoretNo>
  <DllVerNo>8.0.1.3</DllVerNo>
  <Items Count="23">
    <Item>
      <PriceUpdateDate>2016-03-18 04:51</PriceUpdateDate>
      <ItemCode>645692555973</ItemCode>
      <ItemType>1</ItemType>
      <ItemName>עוג.מצה עשירה שרון400גרם</ItemName>
      <ManufacturerName>אחים פפושדו ובניהם בע"מ</ManufacturerName>
      <ManufactureCountry>IL</ManufactureCountry>
      <ManufacturerItemDescription>עוג.מצה עשירה</ManufacturerItemDescription>
      <UnitQty>גרמים</UnitQty>
      <Quantity>400.00</Quantity>
      <bIsWeighted>0</bIsWeighted>
      <UnitOfMeasure>100 גרם</UnitOfMeasure>
      <QtyInPackage>0</QtyInPackage>
      <ItemPrice>11.90</ItemPrice>
      <UnitOfMeasurePrice>2.98</UnitOfMeasurePrice>
      <AllowDiscount>1</AllowDiscount>
      <ItemStatus>0</ItemStatus>
    </Item>
    <Item>
      <PriceUpdateDate>2016-03-18 04:51</PriceUpdateDate>
      <ItemCode>7290000067186</ItemCode>
      <ItemType>1</ItemType>
      <ItemName>ביסלי פיצה כשל"פ 70 גרם</ItemName>
      <ManufacturerName>אסם</ManufacturerName>
      <ManufactureCountry>IL</ManufactureCountry>
      <ManufacturerItemDescription>ביסלי פיצה</ManufacturerItemDescription>
      <UnitQty>גרמים</UnitQty>
      <Quantity>70.00</Quantity>
      <bIsWeighted>0</bIsWeighted>
      <UnitOfMeasure>100 גרם</UnitOfMeasure>
      <QtyInPackage>0</QtyInPackage>
      <ItemPrice>4.00</ItemPrice>
      <UnitOfMeasurePrice>5.71</UnitOfMeasurePrice>
      <AllowDiscount>1</AllowDiscount>
      <ItemStatus>0</ItemStatus>
    </Item>
    <Item>
      <PriceUpdateDate>2016-03-18 03:41</PriceUpdateDate>
      <ItemCode>7290000524641</ItemCode>
      <ItemType>1</ItemType>
      <ItemName>עוגיות בוטנים 400 גרם</ItemName>
      <ManufacturerName>אחים פפושדו ובניהם בע"מ</ManufacturerName>
      <ManufactureCountry>IL</ManufactureCountry>
      <ManufacturerItemDescription>עוגיות בוטנים</ManufacturerItemDescription>
      <UnitQty>גרמים</UnitQty>
      <Quantity>400.00</Quantity>
      <bIsWeighted>0</bIsWeighted>
      <UnitOfMeasure>100 גרם</UnitOfMeasure>
      <QtyInPackage>0</QtyInPackage>
      <ItemPrice>16.80</ItemPrice>
      <UnitOfMeasurePrice>4.20</UnitOfMeasurePrice>
      <AllowDiscount>1</AllowDiscount>
      <ItemStatus>0</ItemStatus>
    </Item>
    <Item>
      <PriceUpdateDate>2016-03-18 04:51</PriceUpdateDate>
      <ItemCode>7290003648344</ItemCode>
      <ItemType>1</ItemType>
      <ItemName>מטיאס הולנדי בשמן 550 גר</ItemName>
      <ManufacturerName>סלטי שמיר</ManufacturerName>
      <ManufactureCountry>IL</ManufactureCountry>
      <ManufacturerItemDescription>מטיאס הולנדי</ManufacturerItemDescription>
      <UnitQty>גרמים</UnitQty>
      <Quantity>550.00</Quantity>
      <bIsWeighted>0</bIsWeighted>
      <UnitOfMeasure>100 גרם</UnitOfMeasure>
      <QtyInPackage>0</QtyInPackage>
      <ItemPrice>37.00</ItemPrice>
      <UnitOfMeasurePrice>6.73</UnitOfMeasurePrice>
      <AllowDiscount>1</AllowDiscount>
      <ItemStatus>0</ItemStatus>
    </Item>
    <Item>
      <PriceUpdateDate>2016-03-18 04:51</PriceUpdateDate>
      <ItemCode>7290003648351</ItemCode>
      <ItemType>1</ItemType>
      <ItemName>הרינג כבוש 550 גרם</ItemName>
      <ManufacturerName>סלטי שמיר</ManufacturerName>
      <ManufactureCountry>IL</ManufactureCountry>
      <ManufacturerItemDescription>הרינג כבוש</ManufacturerItemDescription>
      <UnitQty>גרמים</UnitQty>
      <Quantity>550.00</Quantity>
      <bIsWeighted>0</bIsWeighted>
      <UnitOfMeasure>100 גרם</UnitOfMeasure>
      <QtyInPackage>0</QtyInPackage>
      <ItemPrice>37.00</ItemPrice>
      <UnitOfMeasurePrice>6.73</UnitOfMeasurePrice>
      <AllowDiscount>1</AllowDiscount>
      <ItemStatus>0</ItemStatus>
    </Item>
    <Item>
      <PriceUpdateDate>2016-03-18 04:51</PriceUpdateDate>
      <ItemCode>7290003648856</ItemCode>
      <ItemType>1</ItemType>
      <ItemName>מעדן הולנדי בשמן 550 גרם</ItemName>
      <ManufacturerName>סלטי שמיר</ManufacturerName>
      <ManufactureCountry>IL</ManufactureCountry>
      <ManufacturerItemDescription>מעדן הולנדי</ManufacturerItemDescription>
      <UnitQty>גרמים</UnitQty>
      <Quantity>550.00</Quantity>
      <bIsWeighted>0</bIsWeighted>
      <UnitOfMeasure>100 גרם</UnitOfMeasure>
      <QtyInPackage>0</QtyInPackage>
      <ItemPrice>37.00</ItemPrice>
      <UnitOfMeasurePrice>6.73</UnitOfMeasurePrice>
      <AllowDiscount>1</AllowDiscount>
      <ItemStatus>0</ItemStatus>
    </Item>
    <Item>
      <PriceUpdateDate>2016-03-18 04:51</PriceUpdateDate>
      <ItemCode>7290011878450</ItemCode>
      <ItemType>1</ItemType>
      <ItemName>צימוקים</ItemName>
      <ManufacturerName />
      <ManufactureCountry />
      <ManufacturerItemDescription>צימוקים</ManufacturerItemDescription>
      <UnitQty>גרמים</UnitQty>
      <Quantity>80.00</Quantity>
      <bIsWeighted>0</bIsWeighted>
      <UnitOfMeasure>100 גרם</UnitOfMeasure>
      <QtyInPackage>0</QtyInPackage>
      <ItemPrice>9.10</ItemPrice>
      <UnitOfMeasurePrice>11.38</UnitOfMeasurePrice>
      <AllowDiscount>1</AllowDiscount>
      <ItemStatus>0</ItemStatus>
    </Item>
    <Item>
      <PriceUpdateDate>2016-03-18 04:51</PriceUpdateDate>
      <ItemCode>7290011898977</ItemCode>
      <ItemType>1</ItemType>
      <ItemName>מרק פטריות</ItemName>
      <ManufacturerName />
      <ManufactureCountry />
      <ManufacturerItemDescription>מרק פטריות</ManufacturerItemDescription>
      <UnitQty>גרמים</UnitQty>
      <Quantity>400.00</Quantity>
      <bIsWeighted>0</bIsWeighted>
      <UnitOfMeasure>100 גרם</UnitOfMeasure>
      <QtyInPackage>0</QtyInPackage>
      <ItemPrice>20.30</ItemPrice>
      <UnitOfMeasurePrice>5.08</UnitOfMeasurePrice>
      <AllowDiscount>1</AllowDiscount>
      <ItemStatus>0</ItemStatus>
    </Item>
    <Item>
      <PriceUpdateDate>2016-03-18 04:51</PriceUpdateDate>
      <ItemCode>7290012817069</ItemCode>
      <ItemType>1</ItemType>
      <ItemName>מיונז אמיתי 500 גרם</ItemName>
      <ManufacturerName>מיטב</ManufacturerName>
      <ManufactureCountry />
      <ManufacturerItemDescription>מיונז אמיתי</ManufacturerItemDescription>
      <UnitQty>גרמים</UnitQty>
      <Quantity>500.00</Quantity>
      <bIsWeighted>0</bIsWeighted>
      <UnitOfMeasure>100 גרם</UnitOfMeasure>
      <QtyInPackage>0</QtyInPackage>
      <ItemPrice>13.30</ItemPrice>
      <UnitOfMeasurePrice>2.66</UnitOfMeasurePrice>
      <AllowDiscount>1</AllowDiscount>
      <ItemStatus>0</ItemStatus>
    </Item>
    <Item>
      <PriceUpdateDate>2016-03-18 03:41</PriceUpdateDate>
      <ItemCode>7290013919410</ItemCode>
      <ItemType>1</ItemType>
      <ItemName>עוגיות בוטנים מצופה400ג</ItemName>
      <ManufacturerName>שיבולים</ManufacturerName>
      <ManufactureCountry>IL</ManufactureCountry>
      <ManufacturerItemDescription>עוגיות מצופות</ManufacturerItemDescription>
      <UnitQty>גרמים</UnitQty>
      <Quantity>400.00</Quantity>
      <bIsWeighted>0</bIsWeighted>
      <UnitOfMeasure>100 גרם</UnitOfMeasure>
      <QtyInPackage>0</QtyInPackage>
      <ItemPrice>16.80</ItemPrice>
      <UnitOfMeasurePrice>4.20</UnitOfMeasurePrice>
      <AllowDiscount>1</AllowDiscount>
      <ItemStatus>0</ItemStatus>
    </Item>
    <Item>
      <PriceUpdateDate>2016-03-18 04:51</PriceUpdateDate>
      <ItemCode>7290014407749</ItemCode>
      <ItemType>1</ItemType>
      <ItemName>תערובת לפיצה</ItemName>
      <ManufacturerName />
      <ManufactureCountry />
      <ManufacturerItemDescription>תערובת לפיצה</ManufacturerItemDescription>
      <UnitQty>גרמים</UnitQty>
      <Quantity>400.00</Quantity>
      <bIsWeighted>0</bIsWeighted>
      <UnitOfMeasure>100 גרם</UnitOfMeasure>
      <QtyInPackage>0</QtyInPackage>
      <ItemPrice>29.60</ItemPrice>
      <UnitOfMeasurePrice>7.40</UnitOfMeasurePrice>
      <AllowDiscount>1</AllowDiscount>
      <ItemStatus>0</ItemStatus>
    </Item>
    <Item>
      <PriceUpdateDate>2016-03-18 04:51</PriceUpdateDate>
      <ItemCode>7290014407930</ItemCode>
      <ItemType>1</ItemType>
      <ItemName>קמח לעוגות ועוגי</ItemName>
      <ManufacturerName />
      <ManufactureCountry>IL</ManufactureCountry>
      <ManufacturerItemDescription>קמח לעוגות ועוגי</ManufacturerItemDescription>
      <UnitQty>גרמים</UnitQty>
      <Quantity>500.00</Quantity>
      <bIsWeighted>0</bIsWeighted>
      <UnitOfMeasure>100 גרם</UnitOfMeasure>
      <QtyInPackage>0</QtyInPackage>
      <ItemPrice>22.10</ItemPrice>
      <UnitOfMeasurePrice>4.42</UnitOfMeasurePrice>
      <AllowDiscount>1</AllowDiscount>
      <ItemStatus>0</ItemStatus>
    </Item>
    <Item>
      <PriceUpdateDate>2016-03-18 04:51</PriceUpdateDate>
      <ItemCode>7290014407954</ItemCode>
      <ItemType>1</ItemType>
      <ItemName>תערובת לעוגת וני</ItemName>
      <ManufacturerName />
      <ManufactureCountry>IL</ManufactureCountry>
      <ManufacturerItemDescription>תערובת לעוגת וני</ManufacturerItemDescription>
      <UnitQty>גרמים</UnitQty>
      <Quantity>400.00</Quantity>
      <bIsWeighted>0</bIsWeighted>
      <UnitOfMeasure>100 גרם</UnitOfMeasure>
      <QtyInPackage>0</QtyInPackage>
      <ItemPrice>29.50</ItemPrice>
      <UnitOfMeasurePrice>7.38</UnitOfMeasurePrice>
      <AllowDiscount>1</AllowDiscount>
      <ItemStatus>0</ItemStatus>
    </Item>
    <Item>
      <PriceUpdateDate>2016-03-18 04:51</PriceUpdateDate>
      <ItemCode>7290105691965</ItemCode>
      <ItemType>1</ItemType>
      <ItemName>רוטב סויה סיני אסם 290 מ</ItemName>
      <ManufacturerName>אסם</ManufacturerName>
      <ManufactureCountry>IL</ManufactureCountry>
      <ManufacturerItemDescription>ר.סויה סיני אסם</ManufacturerItemDescription>
      <UnitQty>מיליליטרים</UnitQty>
      <Quantity>290.00</Quantity>
      <bIsWeighted>0</bIsWeighted>
      <UnitOfMeasure>100 מ"ל</UnitOfMeasure>
      <QtyInPackage>0</QtyInPackage>
      <ItemPrice>13.60</ItemPrice>
      <UnitOfMeasurePrice>4.69</UnitOfMeasurePrice>
      <AllowDiscount>1</AllowDiscount>
      <ItemStatus>0</ItemStatus>
    </Item>
    <Item>
      <PriceUpdateDate>2016-03-18 04:51</PriceUpdateDate>
      <ItemCode>769904000751</ItemCode>
      <ItemType>1</ItemType>
      <ItemName>חפלי טעם גריל</ItemName>
      <ManufacturerName />
      <ManufactureCountry />
      <ManufacturerItemDescription>חפלי טעם גריל</ManufacturerItemDescription>
      <UnitQty>גרמים</UnitQty>
      <Quantity>60.00</Quantity>
      <bIsWeighted>0</bIsWeighted>
      <UnitOfMeasure>100 גרם</UnitOfMeasure>
      <QtyInPackage>0</QtyInPackage>
      <ItemPrice>4.10</ItemPrice>
      <UnitOfMeasurePrice>6.83</UnitOfMeasurePrice>
      <AllowDiscount>1</AllowDiscount>
      <ItemStatus>0</ItemStatus>
    </Item>
    <Item>
      <PriceUpdateDate>2016-03-18 04:51</PriceUpdateDate>
      <ItemCode>769904000768</ItemCode>
      <ItemType>1</ItemType>
      <ItemName>חפלי טעם בצל</ItemName>
      <ManufacturerName />
      <ManufactureCountry />
      <ManufacturerItemDescription>חפלי טעם בצל</ManufacturerItemDescription>
      <UnitQty>גרמים</UnitQty>
      <Quantity>60.00</Quantity>
      <bIsWeighted>0</bIsWeighted>
      <UnitOfMeasure>100 גרם</UnitOfMeasure>
      <QtyInPackage>0</QtyInPackage>
      <ItemPrice>4.10</ItemPrice>
      <UnitOfMeasurePrice>6.83</UnitOfMeasurePrice>
      <AllowDiscount>1</AllowDiscount>
      <ItemStatus>0</ItemStatus>
    </Item>
    <Item>
      <PriceUpdateDate>2016-03-18 04:51</PriceUpdateDate>
      <ItemCode>769904000812</ItemCode>
      <ItemType>1</ItemType>
      <ItemName>חטיף חפלי 60גרם</ItemName>
      <ManufacturerName />
      <ManufactureCountry>IL</ManufactureCountry>
      <ManufacturerItemDescription>חטיף חפלי 60גרם</ManufacturerItemDescription>
      <UnitQty>גרמים</UnitQty>
      <Quantity>60.00</Quantity>
      <bIsWeighted>0</bIsWeighted>
      <UnitOfMeasure>100 גרם</UnitOfMeasure>
      <QtyInPackage>0</QtyInPackage>
      <ItemPrice>4.10</ItemPrice>
      <UnitOfMeasurePrice>6.83</UnitOfMeasurePrice>
      <AllowDiscount>1</AllowDiscount>
      <ItemStatus>0</ItemStatus>
    </Item>
    <Item>
      <PriceUpdateDate>2016-03-18 04:51</PriceUpdateDate>
      <ItemCode>769904000881</ItemCode>
      <ItemType>1</ItemType>
      <ItemName>מארז טבעות</ItemName>
      <ManufacturerName />
      <ManufactureCountry>IL</ManufactureCountry>
      <ManufacturerItemDescription>מארז טבעות</ManufacturerItemDescription>
      <UnitQty>יחידה</UnitQty>
      <Quantity>1.00</Quantity>
      <bIsWeighted>0</bIsWeighted>
      <UnitOfMeasure>יחידה</UnitOfMeasure>
      <QtyInPackage>0</QtyInPackage>
      <ItemPrice>10.10</ItemPrice>
      <UnitOfMeasurePrice>10.10</UnitOfMeasurePrice>
      <AllowDiscount>1</AllowDiscount>
      <ItemStatus>0</ItemStatus>
    </Item>
    <Item>
      <PriceUpdateDate>2016-03-18 04:51</PriceUpdateDate>
      <ItemCode>769904000898</ItemCode>
      <ItemType>1</ItemType>
      <ItemName>מארז טבעות גדול</ItemName>
      <ManufacturerName />
      <ManufactureCountry>IL</ManufactureCountry>
      <ManufacturerItemDescription>מארז טבעות גדול</ManufacturerItemDescription>
      <UnitQty>גרמים</UnitQty>
      <Quantity>108.00</Quantity>
      <bIsWeighted>0</bIsWeighted>
      <UnitOfMeasure>100 גרם</UnitOfMeasure>
      <QtyInPackage>0</QtyInPackage>
      <ItemPrice>10.10</ItemPrice>
      <UnitOfMeasurePrice>9.35</UnitOfMeasurePrice>
      <AllowDiscount>1</AllowDiscount>
      <ItemStatus>0</ItemStatus>
    </Item>
    <Item>
      <PriceUpdateDate>2016-03-18 04:51</PriceUpdateDate>
      <ItemCode>769904000935</ItemCode>
      <ItemType>1</ItemType>
      <ItemName>חטיף נאש פיצה</ItemName>
      <ManufacturerName />
      <ManufactureCountry />
      <ManufacturerItemDescription>חטיף נאש פיצה</ManufacturerItemDescription>
      <UnitQty>גרמים</UnitQty>
      <Quantity>168.00</Quantity>
      <bIsWeighted>0</bIsWeighted>
      <UnitOfMeasure>100 גרם</UnitOfMeasure>
      <QtyInPackage>0</QtyInPackage>
      <ItemPrice>10.10</ItemPrice>
      <UnitOfMeasurePrice>6.01</UnitOfMeasurePrice>
      <AllowDiscount>1</AllowDiscount>
      <ItemStatus>0</ItemStatus>
    </Item>
    <Item>
      <PriceUpdateDate>2016-03-18 04:51</PriceUpdateDate>
      <ItemCode>769904001017</ItemCode>
      <ItemType>1</ItemType>
      <ItemName>איטריות בינוני</ItemName>
      <ManufacturerName />
      <ManufactureCountry />
      <ManufacturerItemDescription>איטריות בינוני</ManufacturerItemDescription>
      <UnitQty>גרמים</UnitQty>
      <Quantity>200.00</Quantity>
      <bIsWeighted>0</bIsWeighted>
      <UnitOfMeasure>100 גרם</UnitOfMeasure>
      <QtyInPackage>0</QtyInPackage>
      <ItemPrice>10.10</ItemPrice>
      <UnitOfMeasurePrice>5.05</UnitOfMeasurePrice>
      <AllowDiscount>1</AllowDiscount>
      <ItemStatus>0</ItemStatus>
    </Item>
    <Item>
      <PriceUpdateDate>2016-03-18 04:51</PriceUpdateDate>
      <ItemCode>769904001208</ItemCode>
      <ItemType>1</ItemType>
      <ItemName>פרורים לציפוי</ItemName>
      <ManufacturerName />
      <ManufactureCountry>IL</ManufactureCountry>
      <ManufacturerItemDescription>פרורים לציפוי</ManufacturerItemDescription>
      <UnitQty>גרמים</UnitQty>
      <Quantity>150.00</Quantity>
      <bIsWeighted>0</bIsWeighted>
      <UnitOfMeasure>100 גרם</UnitOfMeasure>
      <QtyInPackage>0</QtyInPackage>
      <ItemPrice>10.10</ItemPrice>
      <UnitOfMeasurePrice>6.73</UnitOfMeasurePrice>
      <AllowDiscount>1</AllowDiscount>
      <ItemStatus>0</ItemStatus>
    </Item>
    <Item>
      <PriceUpdateDate>2016-03-18 04:51</PriceUpdateDate>
      <ItemCode>96086000348</ItemCode>
      <ItemType>1</ItemType>
      <ItemName>מצות מצופות 200 גרם לפסח</ItemName>
      <ManufacturerName>מצות אביב</ManufacturerName>
      <ManufactureCountry>IL</ManufactureCountry>
      <ManufacturerItemDescription>מצות מצופות</ManufacturerItemDescription>
      <UnitQty>גרמים</UnitQty>
      <Quantity>200.00</Quantity>
      <bIsWeighted>0</bIsWeighted>
      <UnitOfMeasure>100 גרם</UnitOfMeasure>
      <QtyInPackage>0</QtyInPackage>
      <ItemPrice>15.80</ItemPrice>
      <UnitOfMeasurePrice>7.90</UnitOfMeasurePrice>
      <AllowDiscount>1</AllowDiscount>
      <ItemStatus>0</ItemStatus>
    </Item>
  </Items>
</root>